3050 5046
691 304 750 379 nt
857 271 860 278 ’

621 401 820 414 -ι-ιι-ι--ι

122 521 315 588 electionem
338 520 522 585 voluntatis
542 539 613 581 eam
633 518 677 580 ita
700 517 873 583 adactum
895 517 1092 584 eliciendum
1108 519 1264 607 applicat,
1286 527 1324 587 ut

119 623 427 711 praedeterminatio
445 629 552 686 actum
569 619 741 684 volitionis
756 620 906 686 includat
928 636 960 685 et
981 623 1157 707 producat,
1178 633 1215 688 ut
1230 623 1324 690 aliter

117 728 202 792 velle
220 737 254 791 et
269 726 489 792 determinare
503 746 539 788 se
554 721 655 788 homo
672 743 740 787 non
756 722 882 802 valeat3
898 725 997 810 juxta
1011 726 1202 792 Molinistas
1218 728 1324 812 gratia

117 839 167 896 est
182 831 258 906 ista,
281 829 334 893 cui
354 828 437 893 nihil
453 828 547 892 deest
569 827 703 890 omnino
721 835 851 911 praeter
866 827 1131 894 circumstantias
1147 851 1322 916 congruas.

117 932 225 1012 Quam
235 935 287 997 'ob
304 931 527 996 definitionem
543 927 735 994 Molinistae
751 951 770 992 a
785 929 970 994 Thomistis
986 931 1158 1020 Pelagiani
1173 931 1323 1018 appella-

116 1037 249 1111 bantur,
273 1035 471 1100 Thomistae
495 1055 514 1096 a
536 1032 717 1096 Molinistis
741 1027 928 1096 Calviniani
952 1033 1200 1100 et'Janseniani
1222 1055 1323 1100 voca·

116 1139 248 1204 bantur.
307 1143 417 1224 Atque
454 1135 605 1222 profecto
637 1135 789 1200 doctrina
825 1135 1066 1220 discipulorum
1096 1138 1129 1203 S.
1161 1138 1322 1216 Thomas,

117 1242 258 1306 ulterius
283 1262 381 1328 quam
403 1239 550 1326 magistri
575 1259 768 1324 progressa,
796 1238 1164 1322 praedestinatianismo
1187 1264 1324 1328 compo·

120 1345 231 1408 nendo
256 1366 368 1408 ansam
393 1343 560 1428 praebuit3
584 1350 707 1405 certum
726 1340 820 1405 etiam
837 1341 977 1419 videtur,
1002 1344 1140 1430 gratiam
1157 1345 1323 1410 thomisti-

119 1469 187 1510 cam
219 1445 448 1521 sufficientem,
478 1444 835 1530 praedeterminatione
863 1443 1004 1532 physica
1031 1446 1231 1523 destitutam,
1256 1470 1324 1512 non

121 1550 219 1635 plane
244 1571 263 1613 a
286 1549 393 1636 gratia
415 1569 518 1633 parva
539 1547 741 1612 Janseniana
764 1546 903 1611 differre.
947 1547 1139 1612 Janssniani
1155 1550 1324 1617 thomistis

117 1651 170 1716 vel
200 1653 315 1737 potius
345 1651 585 1737 augustinianis
616 1672 651 1714 se
681 1648 912 1724 adnumerant3
943 1672 1052 1738 aequo
1080 1675 1115 1715 se
1136 1654 1213 1738 jure
1243 1675 1323 1718 con-

117 1755 262 1841 gruistas
291 1753 460 1840 appellare
490 1764 645 1838 possent,
677 1753 706 1816 si
735 1753 912 1818 universim
942 1755 981 1816 iis
1011 1755 1143 1830 liceret,
1174 1757 1321 1821 asseclas

118 1857 394 1922 scholasticorum
413 1879 448 1920 se
464 1857 643 1922 nominare.
689 1855 908 1942 Congruistae
924 1857 1008 1919 enirn
1025 1880 1126 1943 quum
1143 1858 1324 1924 efficaciam

119 1961 244 2045 gratiae
271 1983 311 2024 ex
339 1979 378 2024 eo
407 1959 551 2044 pendere
577 1959 729 2032 doceant,
761 1957 852 2050 quod
876 1959 1131 2024 circumstantiis
1155 1970 1187 2025 et
1210 1962 1324 2048 dispo·

120 2064 298 2128 sitionibus
328 2062 472 2126 hominis
503 2059 752 2126 accommodata
782 2083 820 2124 ac
851 2083 998 2148 congrua
1028 2063 1085 2137 sit,
1121 2062 1324 2141 Janseniani,

122 2187 218 2252 quum
245 2167 383 2251 gratiam
403 2187 472 2230 non
494 2165 557 2228 nisi
579 2163 682 2228 relata
704 2162 746 2227 ad
767 2164 925 2228 minorem
948 2165 1137 2250 oppositam
1153 2165 1324 2231 libidinem

123 2270 277 2334 minorem
310 2267 460 2332 effectum
492 2268 601 2331 sortiri
631 2266 774 2340 tradant,
807 2266 892 2330 idem
923 2276 1091 2344 asserunt,
1123 2269 1214 2354 quod
1245 2291 1325 2334 con·

124 2373 275 2455 gruistae.
321 2373 471 2436 Attamen
484 2371 600 2435 iterum
613 2391 632 2433 a
644 2369 922 2434 scholasticorum
935 2371 1169 2456 systematibus
1183 2373 1325 2457 priorem

123 2476 247 2558 gratiae
274 2473 479 2538 eminentiam
508 2480 633 2538 etune
660 2473 757 2536 simul
782 2473 922 2536 liberum
947 2474 1131 2539 voluntatis
1155 2476 1324 2540 arbitrium

123 2577 347 2642 statuentibus
371 2577 469 2640 alieni
492 2585 579 2654 sunt,
603 2577 764 2662 siquidem
782 2577 906 2662 gratiae
922 2580 1103 2661 potentiam
1120 2581 1325 2643 necessitan-

122 2690 184 2743 tem
217 2681 379 2755 tribuunt,
408 2679 547 2743 liberum
579 2679 748 2742 arbitrium
780 2685 941 2743 evertunt.
987 2679 1100 2743 Gratia
1129 2681 1169 2744 iis
1197 2668 1326 2767 semper

122 2783 240 2848 efficax
263 2793 329 2860 est3
353 2784 459 2869 gratia
480 2781 658 2858 sufficiens,
681 2781 715 2844 id
738 2790 789 2844 est
810 2804 858 2858 ea,
882 2804 967 2868 quae
984 2783 1145 2860 effectum,
1170 2785 1325 2870 adquam

125 2887 398 2972 consequendum
428 2886 599 2961 tribuitur,
638 2907 678 2948 ex
716 2883 879 2949 humanae
913 2885 1097 2950 voluntatis
1126 2889 1324 2964 resistentia,

123 3011 192 3052 non
225 2990 371 3065 sortitur,
402 3011 470 3052 non
501 2989 607 3061 datur,
638 2986 730 3051 nulla
760 2987 929 3050 sufficiens
957 2989 1124 3054 statuitur.
1170 2987 1318 3054 Osten-

124 3091 238 3156 ditur
260 3093 415 3156 nullum
446 3092 532 3156 dari
563 3101 661 3175 post
683 3089 838 3175 lapsum
866 3090 1119 3177 adjutorium
1146 3091 1325 3168 sufficiens,

124 3197 218 3280 quin
248 3197 302 3259 sit
331 3194 452 3258 simul
483 3193 649 3258 efficax.
705 3191 832 3272 Questo
857 3191 875 3256 ὲ
896 3193 920 3258 il
948 3194 1062 3259 Titolo
1086 3195 1140 3260 del
1170 3196 1325 3280 Capitolo

124 3299 228 3382 primo
252 3297 306 3362 del
329 3307 420 3362 terzo
444 3297 546 3372 libr0‚
574 3318 636 3360 ove
661 3294 841 3360 Giansenio
866 3319 971 3380 prova
994 3297 1239 3376 difiusamente,
1264 3299 1326 3364 che
1362 3297 1363 3304 '

123 3399 213 3487 dopo
236 3401 268 3464 la
291 3400 412 3465 caduta
433 3399 467 3463 di
486 3400 612 3463 Adamo
635 3399 699 3462 Dio
721 3421 789 3463 non
806 3401 949 3464 accorda
965 3400 1084 3464 alcuna
1103 3401 1213 3488 grazia
1230 3423 1288 3488 per
1302 3401 1327 3466 li

123 3505 227 3568 meriti
245 3505 277 3568 di
294 3501 385 3568 Gesii
401 3503 526 3580 Cristo,
543 3501 605 3566 ohe
627 3523 694 3564 non
717 3505 766 3565 sia
788 3501 920 3566 efficace
933 3503 972 3585 ¹).
1018 3502 1106 3582 Quin
1128 3504 1193 3568 imo
1215 3505 1262 3569 ita
1283 3505 1324 3568 ab

124 3629 161 3670 ea
187 3608 442 3684 abhorruerunt,
472 3614 510 3669 ut
534 3604 711 3668 lansenius
737 3607 808 3690 ipse
832 3607 864 3668 in
888 3607 1118 3692 ‚,Augnstino“
1140 3607 1217 3672 libri
1240 3608 1327 3672 tertii

124 3719 224 3796 caput
247 3713 379 3774 tertium
402 3709 624 3794 inscripserit:
658 3705 783 3786 „Quam
813 3717 1004 3772 monstrosa
1030 3709 1074 3772 sit
1103 3711 1208 3796 gratia
1233 3710 1326 3774 suffi-

125 3815 251 3891 ciens;“
275 3822 307 3876 et
323 3814 394 3898 ejus
410 3811 566 3897 discipuli
581 3811 613 3874 in
629 3811 753 3874 litaniis
771 3811 924 3874 Omnium
940 3811 1137 3878 Sanctorum
1154 3835 1327 3899 precaren-

125 3930 194 3985 tur:
218 3919 266 3994 „A
283 3917 389 4002 gratia
409 3915 603 3989 sufficiente,
626 3913 730 3977 libera
745 3936 818 3990 nos,
835 3915 967 3979 domine
977 3913 1043 3994 2)1“
1089 3915 1236 3980 Gratiam
1253 3918 1326 4004 qui-

124 4019 196 4084 dem
226 4027 406 4107 ,‚parvam“
437 4040 534 4104 quam
562 4024 694 4094 vocant,
724 4016 941 4082 sufficientem
967 4017 1154 4095 nominant,
1185 4020 1245 4085 sed
1276 4030 1327 4085 est

194 4207 216 4277 1)
235 4211 319 4260 Breve
332 4206 423 4270 storia,
439 4205 456 4258 l.
471 4223 491 4257 0.
504 4223 530 4276 p.
545 4208 586 4262 46.

191 4295 217 4359 ²)
236 4293 359 4346 Similiter
382 4293 564 4363 protestantici
589 4306 666 4344 sacra
688 4288 866 4360 profanabant
889 4289 931 4343 die
954 4293 995 4347 31.
1016 4289 1141 4344 Octobris
1166 4289 1226 4343 anni
1250 4294 1323 4348 1717.

127 4374 230 4443 jubilaei
247 4379 394 4450 Hamburgi
407 4379 552 4449 jubilantes
570 4379 596 4430 in
608 4377 771 4448 praefatione
783 4376 917 4447 liturgica:
936 4377 1071 4430 Antiates:
1089 4377 1219 4430 Dominus
1234 4377 1324 4432 vobis·

126 4481 192 4518 curn.
229 4464 275 4518 Ch.
293 4464 328 4518 Et
340 4483 397 4518 cum
412 4467 505 4536 spiritu
517 4473 572 4518 tuo.
608 4466 641 4518 A.
663 4464 775 4518 Sursum
788 4463 877 4517 corda.
914 4463 960 4518 Ch.
979 4463 1114 4518 Habemus
1127 4464 1161 4517 ad
1174 4463 1323 4519 Dominum.

125 4549 157 4607 A.
171 4550 279 4608 Gratias
293 4569 403 4630 agamus
415 4552 528 4608 Domino
538 4552 596 4607 Deo
609 4559 709 4606 nostro.
728 4551 774 4607 Ch.
788 4552 859 4606 Vere
870 4551 977 4626 dignum
990 4559 1016 4606 et
1021 4551 1123 4625 justum
1137 4559 1186 4609 est.
1204 4553 1239 4606 A.
1252 4551 1323 4612 Vere

1091 4634 1123 4702 ὃ*
