3084 5056
394 327 421 405 p
752 297 796 363 611

161 497 360 584 Sigebertus
398 499 648 566 Gemblaccnsis
685 502 873 575 monachus
908 501 950 566 ad
984 525 1105 569 annum
1143 504 1267 570 Christi
1304 505 1375 571 145.

158 600 249 666 llaec
279 601 396 666 habet:
425 603 778 679 „Praedestiuatorum
808 605 959 670 haeresis
989 606 1057 672 hoc
1084 615 1233 694 tempore
1263 609 1377 694 eoepit

164 727 315 790 serpere:
339 707 396 794 qui
418 706 494 771 ideo
515 706 760 774 Praedestinati
783 719 957 786 vocantur,
981 711 1124 798 quiade
1148 710 1376 796 praedestina·

163 809 265 885 tione,
293 823 326 874 ct
352 809 466 874 divina
492 811 599 895 gratia
627 810 847 897 disputantes,
875 813 1080 890 asserebant,
1110 814 1203 901 quod
1229 836 1290 879 neo
1321 816 1374 900 pie

163 912 355 977 viventibus
379 913 486 998 prosit
509 913 673 979 bonorum
697 937 835 1002 operum
857 915 964 992 labor,
988 916 1017 980 si
1038 939 1058 980 a
1079 916 1153 982 Deo
1177 917 1219 981 ad
1235 925 1374 982 mortem

162 1015 403 1101 praedestinati
424 1015 572 1106 fuerint,
587 1040 648 1082 nec
670 1019 782 1104 impiis
799 1019 897 1096 obsit,
920 1019 1013 1106 quod
1029 1020 1182 1106 improbe
1198 1020 1323 1101 vivant,
1346 1021 1374 1085 si

163 1142 183 1183 a
201 1119 273 1184 Deo
295 1117 534 1206 praedestinati
555 1119 679 1185 fuerint
699 1122 868 1187 advitam.
914 1121 1007 1206 Quae
1023 1123 1164 1188 assertio
1182 1132 1214 1188 et
1229 1123 1340 1188 bonos
1356 1145 1375 1188 a

163 1223 265 1286 bonis
287 1223 460 1300 avocabat,
485 1233 518 1287 et
540 1224 646 1289 malos
670 1225 710 1289 ad
735 1224 820 1289 mala
843 1224 1060 1310 provocabat.
1110 1225 1202 1290 Haec
1225 1225 1374 1290 haeresis

163 1348 206 1390 ex
223 1325 331 1390 Libris
347 1325 523 1412 Augustini
539 1327 623 1392 male
639 1328 818 1393 intellectis
833 1328 960 1392 initium
982 1328 1167 1414 sumpsisse
1182 1328 1304 1394 dicitur
1314 1329 1374 1410 ¹).“

230 1427 468 1516 Quaecumque
491 1429 591 1516 igitur
612 1430 806 1496 Janseniani
830 1431 1021 1507 obmovent,
1045 1440 1083 1497 ut
1102 1431 1257 1496 haeresin
1279 1453 1373 1518 prae·

161 1531 419 1596 destinationem
436 1533 604 1598 exstitisse
621 1544 753 1622 negent,
769 1535 809 1599 iis
827 1534 1059 1599 obsistendum
1075 1536 1210 1600 omuino
1228 1545 1288 1600 est.

229 1633 425 1721 Opponunt,
450 1636 610 1701 articulos
632 1638 711 1703 illos
735 1661 754 1701 a
776 1637 906 1703 Lucido
927 1647 1106 1702 revocatos
1129 1661 1199 1703 non
1220 1661 1294 1703 esse
1310 1639 1373 1702 nisi

162 1761 212 1815 ca,
237 1759 323 1825 quae
346 1738 595 1826 semipelagiani
619 1763 638 1804 a
660 1763 686 1810 s.
702 1741 896 1826 Augustino
914 1739 1016 1805 docta
1036 1750 1094 1806 aut
1115 1741 1231 1806 saltem
1249 1741 1373 1806 doctri·

163 1864 226 1907 uae
249 1842 356 1928 ipsius
379 1852 605 1908 consentanea
628 1853 662 1910 et
684 1845 893 1910 consectaria
916 1865 990 1908 esse
1016 1845 1257 1910 accusaverint.
1301 1845 1373 1921 Ast,

161 1945 396 2031 respondetur,
414 1947 475 2010 etsi
493 1946 711 2024 concedatur,
727 1947 1005 2034 semipelagianos
1020 1970 1046 2012 s.
1059 1947 1237 2035 Augustini
1250 1947 1373 2012 doctri·

165 2071 229 2112 nae
258 2049 412 2136 dogmata
442 2050 605 2135 ejusmodi
636 2050 817 2128 effinxisse,
851 2060 959 2114 tamen
991 2073 1032 2114 ex
1062 2072 1102 2114 eo
1134 2073 1202 2114 non
1234 2051 1373 2116 convin-

165 2153 260 2227 citur,
283 2175 397 2217 revera
419 2153 532 2217 nullos
555 2153 670 2234 fuisse,
695 2155 752 2240 qui
775 2153 853 2218 illos
876 2153 1036 2218 articulos
1060 2153 1236 2220 docuerint
1259 2163 1316 2220 aut
1332 2177 1373 2219 ex

165 2279 192 2324 s.
208 2257 382 2343 Augustini
400 2255 611 2343 dogmatibus
628 2257 794 2343 profluere
810 2257 1054 2322 contenderint.

228 2361 422 2434 Autumaut‚
461 2357 619 2424 Faustum
658 2373 691 2425 et
720 2360 899 2435 Lucidum,
938 2361 1183 2425 accusationem
1221 2358 1371 2436 alterum,

160 2463 430 2528 retractationem
451 2462 589 2528 alterurn
608 2464 835 2538 simulavisse;
859 2472 1038 2550 utrumque
1062 2485 1174 2528 verum
1198 2461 1372 2548 semipela-

160 2567 294 2652 gianum
311 2565 425 2633 fuisse.
462 2565 621 2643 Faustum
638 2589 772 2632 monere
787 2566 961 2641 Lucidum,
977 2575 1015 2630 ut
1032 2588 1104 2630 cum
1119 2565 1223 2653 gratia
1235 2563 1371 2641 domini,

160 2669 391 2756 operationem
420 2669 579 2756 baptizati
610 2669 734 2745 famuli,
765 2691 896 2754 semper
925 2671 1119 2755 conjungat,
1152 2689 1239 2754 quae
1270 2667 1372 2732 verba

160 2773 250 2837 sicut
273 2771 531 2860 semipelagiana
554 2781 739 2838 commenta
762 2773 915 2847 doceant,
939 2773 1077 2859 gratiam
1093 2791 1162 2840 non
1179 2771 1372 2856 praevenire

160 2884 310 2940 nostram
333 2876 577 2960 operationem3
600 2875 761 2940 Lucidum
784 2897 875 2952 vero,
897 2877 930 2938 in
952 2875 1095 2962 septimo
1113 2873 1253 2940 articulo
1270 2895 1371 2961 quum

161 2978 254 3044 dieat
277 2977 364 3058 „Qui
386 2978 467 3043 dicit
487 2978 529 3043 ab
551 2978 657 3044 Adam
679 3001 787 3066 usque
810 2979 852 3044 ad
869 2978 1054 3056 Christum,
1076 2977 1204 3042 nullum
1227 3000 1269 3042 ex
1291 2999 1372 3065 gen-

161 3081 253 3147 tibus
273 3103 333 3167 per
354 3083 489 3167 primam
511 3081 564 3146 dei
587 3083 735 3170 gratiam,
758 3082 791 3146 id
809 3091 869 3157 est,
892 3103 953 3167 per
967 3081 1073 3167 legem
1090 3087 1239 3158 naturae,
1262 3081 1297 3144 in
1312 3077 1371 3145 ad-

160 3193 296 3250 ventum
327 3183 451 3249 Christi
480 3184 585 3250 fuisse
617 3185 802 3250 salvatum*
834 3207 908 3249 cum
939 3183 1207 3271 semipelagianis
1238 3183 1369 3260 docere,

163 3287 296 3375 aliquos
318 3309 378 3373 per
398 3288 502 3375 legem
528 3298 675 3372 naturae,
699 3311 797 3376 quam
814 3290 949 3374 primam
966 3288 1105 3375 gratiam
1123 3293 1232 3364 vocat,
1254 3273 1371 3352 salvos

162 3391 232 3456 lieri
262 3391 430 3478 potuisse3
461 3401 638 3478 utrumque
668 3392 824 3478 denique,
853 3401 891 3457 ut
920 3391 1103 3455 doctrinam
1135 3413 1161 3455 s.
1191 3390 1371 3477 Augustini

165 3493 363 3558 invidiosam
387 3493 549 3569 redderet,
574 3495 720 3567 finxisse,
744 3495 887 3581 aliquos.
912 3495 1011 3558 nimio
1035 3493 1147 3557 studio
1164 3515 1371 3582 prosequen-

164 3597 226 3662 dae
248 3597 421 3663 dootrinae
442 3598 695 3684 augustinianae
719 3598 759 3662 de
783 3598 889 3685 gratia
911 3610 943 3662 et
958 3596 1262 3683 praedestinatione
1278 3597 1371 3662 exhi·

161 3701 253 3764 bitae
283 3700 459 3786 abreptos,
488 3701 521 3766 iu
552 3700 673 3787 impios
703 3709 737 3764 et
762 3701 866 3765 duros
893 3722 1022 3766 errores
1048 3699 1222 3778 incidisse3
1245 3699 1371 3767 Fausto

163 3805 264 3892 igitur
279 3814 312 3868 et
326 3803 466 3878 Lucido,
491 3814 649 3891 tanquam
672 3803 887 3869 mendacibus
904 3812 937 3868 et
952 3803 1247 3868 calumniatoribus
1262 3826 1372 3891 neque

163 3907 197 3972 in
220 3907 321 3972 rebus
344 3905 515 3996 historicis
538 3907 635 3972 fidem
659 3907 846 3973 habendam
870 3929 953 3971 esse.
998 3906 1066 3972 Sed
1082 3915 1202 3984 tamen,
1219 3908 1295 3994 quis
1310 3916 1372 3988 est,

163 4011 220 4098 qui
244 4009 418 4086 concedat,
441 4010 599 4075 Faustum
623 4018 656 4074 et
677 4011 838 4075 Lucidum
861 4031 972 4074 coram
996 4009 1164 4096 episcopis
1187 4009 1371 4096 gallicanis,

164 4135 277 4179 coram
298 4113 442 4199 synodo,
463 4135 574 4179 coram
596 4115 753 4180 universa
769 4114 909 4180 ecclesia
925 4112 984 4178 tali
998 4111 1081 4177 ludo
1097 4111 1242 4178 lusisse?
1285 4112 1369 4193 Quis

164 4227 224 4296 est,
252 4217 310 4305 qui
334 4216 487 4303 profecto
512 4217 636 4294 credat,
664 4217 850 4303 epistolam,
878 4238 975 4304 quam
1000 4215 1151 4303 synodus
1167 4216 1371 4282 Arelatensis

164 4319 417 4407 approbavid),
444 4320 540 4406 cujus
565 4319 751 4386 doctrinam
772 4329 810 4386 ut
830 4319 1030 4386 catholicam
1048 4321 1236 4406 proposuit,
1260 4341 1370 4388 errore

233 4541 255 4612 ¹)
274 4540 342 4594 Edit.
355 4539 479 4596 Francos.
492 4559 517 4612 p.
531 4545 573 4598 61.
587 4557 630 4612 ap.
642 4539 750 4596 Teurn'
781 4543 806 4613 2)
826 4541 973 4607 Baronius;
987 4512 1168 4612 DeChamps.
