<?xml version="1.0" encoding="UTF-8"?>
<!DOCTYPE html PUBLIC "-//W3C//DTD XHTML 1.0 Transitional//EN"
    "http://www.w3.org/TR/xhtml1/DTD/xhtml1-transitional.dtd">
<html xmlns="http://www.w3.org/1999/xhtml" xml:lang="en" lang="en">
 <head>
  <title>
</title>
<meta http-equiv="Content-Type" content="text/html;charset=utf-8" />
  <meta name='ocr-system' content='tesseract 3.04.00' />
  <meta name='ocr-capabilities' content='ocr_page ocr_carea ocr_par ocr_line ocrx_word'/>
</head>
<body>
  <div class='ocr_page' id='page_1' title='image "./dejansenismiori00kleigoog_0042.png"; bbox 0 0 3084 5056; ppageno 0'>
   <div class='ocr_carea' id='block_1_1' title="bbox 724 379 766 444">
    <p class='ocr_par' dir='ltr' id='par_1_1' title="bbox 724 379 766 444">
     <span class='ocr_line' id='line_1_1' title="bbox 724 379 766 444; baseline 0 0"><span class='ocrx_word' id='word_1_1' title='bbox 724 379 766 444; x_wconf 82' lang='lat'><strong>33</strong></span> 
     </span>
    </p>
   </div>
   <div class='ocr_carea' id='block_1_2' title="bbox 460 579 1024 734">
    <p class='ocr_par' dir='ltr' id='par_1_2' title="bbox 460 579 1024 734">
     <span class='ocr_line' id='line_1_2' title="bbox 593 579 878 647; baseline 0.004 -13"><span class='ocrx_word' id='word_1_2' title='bbox 593 579 690 634; x_wconf 80' lang='lat' dir='ltr'><strong>Prima</strong></span> <span class='ocrx_word' id='word_1_3' title='bbox 706 579 878 647; x_wconf 80' lang='lat' dir='ltr'><strong>Propositio.</strong></span> 
     </span>
     <span class='ocr_line' id='line_1_3' title="bbox 460 667 1024 734; baseline 0.004 -13"><span class='ocrx_word' id='word_1_4' title='bbox 460 669 486 721; x_wconf 82' lang='lat' dir='ltr'>A</span> <span class='ocrx_word' id='word_1_5' title='bbox 498 668 558 721; x_wconf 90' lang='lat' dir='ltr'><strong>loco</strong></span> <span class='ocrx_word' id='word_1_6' title='bbox 574 685 624 720; x_wconf 90' lang='lat' dir='ltr'><strong>suo</strong></span> <span class='ocrx_word' id='word_1_7' title='bbox 635 667 730 721; x_wconf 88' lang='lat' dir='ltr'><strong>dolose</strong></span> <span class='ocrx_word' id='word_1_8' title='bbox 743 667 844 734; x_wconf 88' lang='lat' dir='ltr'><strong>avulsa,</strong></span> <span class='ocrx_word' id='word_1_9' title='bbox 862 674 889 721; x_wconf 87' lang='lat' dir='ltr'><strong>et</strong></span> <span class='ocrx_word' id='word_1_10' title='bbox 900 668 1024 723; x_wconf 83' lang='lat' dir='ltr'><strong>exhibitu.</strong></span> 
     </span>
    </p>
   </div>
   <div class='ocr_carea' id='block_1_3' title="bbox 130 771 1376 3844">
    <p class='ocr_par' dir='ltr' id='par_1_3' title="bbox 137 771 1361 1068">
     <span class='ocr_line' id='line_1_4' title="bbox 203 771 1349 860; baseline 0.001 -22"><span class='ocrx_word' id='word_1_11' title='bbox 203 773 325 860; x_wconf 88' lang='lat' dir='ltr'><strong>Aliqua</strong></span> <span class='ocrx_word' id='word_1_12' title='bbox 348 771 402 837; x_wconf 91' lang='lat' dir='ltr'><strong>dei</strong></span> <span class='ocrx_word' id='word_1_13' title='bbox 426 779 605 859; x_wconf 85' lang='lat' dir='ltr'><strong>praecepta</strong></span> <span class='ocrx_word' id='word_1_14' title='bbox 626 771 818 838; x_wconf 87' lang='lat' dir='ltr'><strong>hominibus</strong></span> <span class='ocrx_word' id='word_1_15' title='bbox 836 773 940 860; x_wconf 88' lang='lat' dir='ltr'><strong>justis</strong></span> <span class='ocrx_word' id='word_1_16' title='bbox 956 772 1149 839; x_wconf 86' lang='lat' dir='ltr'><strong>volentibus</strong></span> <span class='ocrx_word' id='word_1_17' title='bbox 1172 782 1205 839; x_wconf 90' lang='lat' dir='ltr'><strong>et</strong></span> <span class='ocrx_word' id='word_1_18' title='bbox 1220 796 1349 839; x_wconf 87' lang='lat' dir='ltr'><strong>conan-</strong></span> 
     </span>
     <span class='ocr_line' id='line_1_5' title="bbox 138 876 1361 964; baseline -0.001 -21"><span class='ocrx_word' id='word_1_19' title='bbox 138 878 231 943; x_wconf 86' lang='lat' dir='ltr'>tibus</span> <span class='ocrx_word' id='word_1_20' title='bbox 247 876 430 941; x_wconf 87' lang='lat' dir='ltr'><strong>secundum</strong></span> <span class='ocrx_word' id='word_1_21' title='bbox 449 885 643 961; x_wconf 80' lang='lat' dir='ltr'>praesentes</span> <span class='ocrx_word' id='word_1_22' title='bbox 659 894 745 963; x_wconf 86' lang='lat' dir='ltr'><strong>quas</strong></span> <span class='ocrx_word' id='word_1_23' title='bbox 766 876 894 940; x_wconf 86' lang='lat' dir='ltr'><strong>habent</strong></span> <span class='ocrx_word' id='word_1_24' title='bbox 916 876 1004 942; x_wconf 86' lang='lat' dir='ltr'><strong>vires</strong></span> <span class='ocrx_word' id='word_1_25' title='bbox 1020 887 1099 942; x_wconf 86' lang='lat' dir='ltr'><strong>sunt</strong></span> <span class='ocrx_word' id='word_1_26' title='bbox 1120 877 1361 964; x_wconf 63' lang='lat' dir='ltr'><strong>impossibilia,</strong></span> 
     </span>
     <span class='ocr_line' id='line_1_6' title="bbox 137 979 962 1068; baseline 0 -22"><span class='ocrx_word' id='word_1_27' title='bbox 137 981 244 1046; x_wconf 88' lang='lat' dir='ltr'><strong>Deest</strong></span> <span class='ocrx_word' id='word_1_28' title='bbox 259 1000 397 1068; x_wconf 88' lang='lat' dir='ltr'><strong>quoque</strong></span> <span class='ocrx_word' id='word_1_29' title='bbox 412 979 453 1044; x_wconf 87' lang='lat' dir='ltr'><strong>iis</strong></span> <span class='ocrx_word' id='word_1_30' title='bbox 469 980 575 1067; x_wconf 86' lang='lat' dir='ltr'><strong>gratia</strong></span> <span class='ocrx_word' id='word_1_31' title='bbox 592 1001 659 1066; x_wconf 92' lang='lat' dir='ltr'><strong>qua</strong></span> <span class='ocrx_word' id='word_1_32' title='bbox 675 979 853 1066; x_wconf 86' lang='lat' dir='ltr'><strong>possibilia</strong></span> <span class='ocrx_word' id='word_1_33' title='bbox 871 979 962 1046; x_wconf 89' lang='lat' dir='ltr'><strong>fiant.</strong></span> 
     </span>
    </p>

    <p class='ocr_par' dir='ltr' id='par_1_4' title="bbox 130 1097 1376 3844">
     <span class='ocr_line' id='line_1_7' title="bbox 130 1097 1363 1170; baseline 0 -16"><span class='ocrx_word' id='word_1_34' title='bbox 130 1101 236 1155; x_wconf 83' lang='lat' dir='ltr'>Sensus</span> <span class='ocrx_word' id='word_1_35' title='bbox 251 1099 410 1152; x_wconf 86' lang='lat' dir='ltr'><strong>Haeret-icus</strong></span> <span class='ocrx_word' id='word_1_36' title='bbox 423 1100 468 1169; x_wconf 89' lang='lat' dir='ltr'><strong>qui</strong></span> <span class='ocrx_word' id='word_1_37' title='bbox 479 1100 534 1170; x_wconf 86' lang='lat' dir='ltr'><strong>pri·</strong></span> <span class='ocrx_word' id='word_1_38' title='bbox 545 1097 633 1150; x_wconf 83' lang='lat' dir='ltr'><strong>Prima</strong></span> <span class='ocrx_word' id='word_1_39' title='bbox 641 1098 797 1170; x_wconf 89' lang='lat' dir='ltr'><strong>Propositio</strong></span> <span class='ocrx_word' id='word_1_40' title='bbox 807 1106 837 1151; x_wconf 85' lang='lat' dir='ltr'><strong>ut</strong></span> <span class='ocrx_word' id='word_1_41' title='bbox 847 1115 862 1150; x_wconf 89' lang='lat' dir='ltr'><strong>a</strong></span> <span class='ocrx_word' id='word_1_42' title='bbox 871 1099 948 1152; x_wconf 90' lang='lat' dir='ltr'><strong>nobis</strong></span> <span class='ocrx_word' id='word_1_43' title='bbox 959 1098 1114 1170; x_wconf 91' lang='lat' dir='ltr'><strong>Propositio</strong></span> <span class='ocrx_word' id='word_1_44' title='bbox 1132 1099 1237 1153; x_wconf 81' lang='lat' dir='ltr'>Primae</span> <span class='ocrx_word' id='word_1_45' title='bbox 1254 1106 1363 1154; x_wconf 83' lang='lat' dir='ltr'><strong>eontra-</strong></span> 
     </span>
     <span class='ocr_line' id='line_1_8' title="bbox 130 1184 1362 1258; baseline -0.001 -17"><span class='ocrx_word' id='word_1_46' title='bbox 130 1205 191 1242; x_wconf 86' lang='lat' dir='ltr'><strong>mae</strong></span> <span class='ocrx_word' id='word_1_47' title='bbox 219 1187 398 1258; x_wconf 81' lang='lat' dir='ltr'><strong>propositioni</strong></span> <span class='ocrx_word' id='word_1_48' title='bbox 421 1186 534 1257; x_wconf 84' lang='lat' dir='ltr'><strong>maligne</strong></span> <span class='ocrx_word' id='word_1_49' title='bbox 557 1185 718 1256; x_wconf 73' lang='lat' dir='ltr'><strong>intelligitur,</strong></span> <span class='ocrx_word' id='word_1_50' title='bbox 735 1203 767 1238; x_wconf 87' lang='lat' dir='ltr'><strong>ae</strong></span> <span class='ocrx_word' id='word_1_51' title='bbox 780 1184 937 1243; x_wconf 80' lang='lat' dir='ltr'><strong>detenditur.</strong></span> <span class='ocrx_word' id='word_1_52' title='bbox 959 1187 1007 1254; x_wconf 89' lang='lat' dir='ltr'><strong>ria,</strong></span> <span class='ocrx_word' id='word_1_53' title='bbox 1016 1196 1046 1240; x_wconf 86' lang='lat' dir='ltr'><strong>ut</strong></span> <span class='ocrx_word' id='word_1_54' title='bbox 1054 1187 1088 1240; x_wconf 89' lang='lat' dir='ltr'><strong>ab</strong></span> <span class='ocrx_word' id='word_1_55' title='bbox 1098 1185 1258 1240; x_wconf 85' lang='lat' dir='ltr'><strong>adversariis</strong></span> <span class='ocrx_word' id='word_1_56' title='bbox 1269 1187 1362 1242; x_wconf 86' lang='lat' dir='ltr'><strong>defen-</strong></span> 
     </span>
     <span class='ocr_line' id='line_1_9' title="bbox 131 1271 949 1344; baseline -0.005 -17"><span class='ocrx_word' id='word_1_57' title='bbox 131 1274 223 1344; x_wconf 78' lang='lat' dir='ltr'><strong>affingi</strong></span> <span class='ocrx_word' id='word_1_58' title='bbox 235 1281 338 1344; x_wconf 86' lang='lat' dir='ltr'><strong>posset,</strong></span> <span class='ocrx_word' id='word_1_59' title='bbox 356 1291 434 1344; x_wconf 91' lang='lat' dir='ltr'><strong>quem</strong></span> <span class='ocrx_word' id='word_1_60' title='bbox 448 1281 534 1326; x_wconf 90' lang='lat' dir='ltr'><strong>tamen</strong></span> <span class='ocrx_word' id='word_1_61' title='bbox 580 1271 680 1341; x_wconf 84' lang='lat' dir='ltr'><strong>Aliqua</strong></span> <span class='ocrx_word' id='word_1_62' title='bbox 692 1272 733 1326; x_wconf 90' lang='lat' dir='ltr'><strong>dei</strong></span> <span class='ocrx_word' id='word_1_63' title='bbox 747 1279 892 1344; x_wconf 84' lang='lat' dir='ltr'><strong>praecepta</strong></span> <span class='ocrx_word' id='word_1_64' title='bbox 901 1272 949 1324; x_wconf 89' lang='lat' dir='ltr'><strong>ali-</strong></span> 
     </span>
     <span class='ocr_line' id='line_1_10' title="bbox 131 1357 1363 1433; baseline 0 -19"><span class='ocrx_word' id='word_1_65' title='bbox 131 1362 249 1433; x_wconf 85' lang='lat' dir='ltr'><strong>legitime</strong></span> <span class='ocrx_word' id='word_1_66' title='bbox 263 1371 370 1432; x_wconf 89' lang='lat' dir='ltr'><strong>sumpta</strong></span> <span class='ocrx_word' id='word_1_67' title='bbox 381 1379 435 1413; x_wconf 92' lang='lat' dir='ltr'><strong>non</strong></span> <span class='ocrx_word' id='word_1_68' title='bbox 447 1360 535 1414; x_wconf 86' lang='lat' dir='ltr'><strong>habet.</strong></span> <span class='ocrx_word' id='word_1_69' title='bbox 547 1357 642 1427; x_wconf 90' lang='lat' dir='ltr'><strong>quibus</strong></span> <span class='ocrx_word' id='word_1_70' title='bbox 657 1357 739 1428; x_wconf 85' lang='lat' dir='ltr'><strong>justis</strong></span> <span class='ocrx_word' id='word_1_71' title='bbox 756 1359 907 1412; x_wconf 87' lang='lat' dir='ltr'><strong>volentibus</strong></span> <span class='ocrx_word' id='word_1_72' title='bbox 925 1365 951 1412; x_wconf 86' lang='lat' dir='ltr'><strong>et</strong></span> <span class='ocrx_word' id='word_1_73' title='bbox 996 1359 1092 1414; x_wconf 93' lang='lat' dir='ltr'><strong>Omnia</strong></span> <span class='ocrx_word' id='word_1_74' title='bbox 1109 1359 1150 1414; x_wconf 90' lang='lat' dir='ltr'><strong>dei</strong></span> <span class='ocrx_word' id='word_1_75' title='bbox 1162 1367 1309 1432; x_wconf 87' lang='lat' dir='ltr'><strong>praecepta</strong></span> <span class='ocrx_word' id='word_1_76' title='bbox 1317 1360 1363 1431; x_wconf 91' lang='lat' dir='ltr'><strong>ju-</strong></span> 
     </span>
     <span class='ocr_line' id='line_1_11' title="bbox 167 1445 1364 1518; baseline 0 -16"><span class='ocrx_word' id='word_1_77' title='bbox 167 1449 251 1502; x_wconf 86' lang='lat' dir='ltr'><strong>Juatis</strong></span> <span class='ocrx_word' id='word_1_78' title='bbox 264 1449 385 1500; x_wconf 89' lang='lat' dir='ltr'><strong>omnibus</strong></span> <span class='ocrx_word' id='word_1_79' title='bbox 395 1455 536 1518; x_wconf 89' lang='lat' dir='ltr'><strong>quantum·</strong></span> <span class='ocrx_word' id='word_1_80' title='bbox 550 1446 707 1497; x_wconf 83' lang='lat' dir='ltr'><strong>conantibus</strong></span> <span class='ocrx_word' id='word_1_81' title='bbox 726 1445 839 1498; x_wconf 88' lang='lat' dir='ltr'><strong>invalide</strong></span> <span class='ocrx_word' id='word_1_82' title='bbox 859 1454 886 1498; x_wconf 85' lang='lat' dir='ltr'><strong>et</strong></span> <span class='ocrx_word' id='word_1_83' title='bbox 902 1445 950 1497; x_wconf 93' lang='lat' dir='ltr'><strong>im·</strong></span> <span class='ocrx_word' id='word_1_84' title='bbox 962 1448 1012 1499; x_wconf 89' lang='lat' dir='ltr'><strong>stis</strong></span> <span class='ocrx_word' id='word_1_85' title='bbox 1029 1447 1181 1500; x_wconf 90' lang='lat' dir='ltr'><strong>volentibus</strong></span> <span class='ocrx_word' id='word_1_86' title='bbox 1199 1456 1226 1502; x_wconf 87' lang='lat' dir='ltr'><strong>ct</strong></span> <span class='ocrx_word' id='word_1_87' title='bbox 1244 1450 1364 1502; x_wconf 87' lang='lat' dir='ltr'><strong>conanti-</strong></span> 
     </span>
     <span class='ocr_line' id='line_1_12' title="bbox 131 1531 1365 1606; baseline -0.001 -16"><span class='ocrx_word' id='word_1_88' title='bbox 131 1535 374 1599; x_wconf 80' lang='lat' dir='ltr'><strong>libet-volentibus,</strong></span> <span class='ocrx_word' id='word_1_89' title='bbox 393 1542 419 1588; x_wconf 90' lang='lat' dir='ltr'><strong>et</strong></span> <span class='ocrx_word' id='word_1_90' title='bbox 438 1551 537 1586; x_wconf 87' lang='lat' dir='ltr'><strong>conan-</strong></span> <span class='ocrx_word' id='word_1_91' title='bbox 549 1531 667 1601; x_wconf 88' lang='lat' dir='ltr'><strong>perfecte</strong></span> <span class='ocrx_word' id='word_1_92' title='bbox 699 1531 844 1585; x_wconf 87' lang='lat' dir='ltr'><strong>secundum</strong></span> <span class='ocrx_word' id='word_1_93' title='bbox 872 1535 1012 1604; x_wconf 87' lang='lat' dir='ltr'><strong>prae-bus</strong></span> <span class='ocrx_word' id='word_1_94' title='bbox 1042 1535 1187 1588; x_wconf 90' lang='lat' dir='ltr'><strong>secundum</strong></span> <span class='ocrx_word' id='word_1_95' title='bbox 1216 1548 1365 1606; x_wconf 76' lang='lat' dir='ltr'><strong>praesoles,</strong></span> 
     </span>
     <span class='ocr_line' id='line_1_13' title="bbox 131 1618 1365 1692; baseline -0.001 -15"><span class='ocrx_word' id='word_1_96' title='bbox 131 1625 205 1677; x_wconf 89' lang='lat' dir='ltr'><strong>tibus</strong></span> <span class='ocrx_word' id='word_1_97' title='bbox 225 1622 537 1692; x_wconf 87' lang='lat' dir='ltr'><strong>secuudumpraesentes</strong></span> <span class='ocrx_word' id='word_1_98' title='bbox 551 1629 642 1670; x_wconf 86' lang='lat' dir='ltr'><strong>sentes</strong></span> <span class='ocrx_word' id='word_1_99' title='bbox 664 1636 731 1689; x_wconf 87' lang='lat' dir='ltr'><strong>quas</strong></span> <span class='ocrx_word' id='word_1_100' title='bbox 753 1618 852 1672; x_wconf 85' lang='lat' dir='ltr'><strong>habent</strong></span> <span class='ocrx_word' id='word_1_101' title='bbox 871 1618 951 1684; x_wconf 86' lang='lat' dir='ltr'><strong>vires,</strong></span> <span class='ocrx_word' id='word_1_102' title='bbox 963 1622 1365 1691; x_wconf 84' lang='lat' dir='ltr'><strong>quashabentviressuntsem-</strong></span> 
     </span>
     <span class='ocr_line' id='line_1_14' title="bbox 133 1706 1365 1782; baseline -0.002 -18"><span class='ocrx_word' id='word_1_103' title='bbox 133 1718 364 1782; x_wconf 84' lang='lat' dir='ltr'><strong>quantascumque</strong></span> <span class='ocrx_word' id='word_1_104' title='bbox 377 1711 458 1772; x_wconf 88' lang='lat' dir='ltr'><strong>vires,</strong></span> <span class='ocrx_word' id='word_1_105' title='bbox 469 1725 538 1778; x_wconf 91' lang='lat' dir='ltr'><strong>quae</strong></span> <span class='ocrx_word' id='word_1_106' title='bbox 549 1722 646 1776; x_wconf 89' lang='lat' dir='ltr'><strong>parvas</strong></span> <span class='ocrx_word' id='word_1_107' title='bbox 661 1706 769 1769; x_wconf 85' lang='lat' dir='ltr'><strong>scilicet,</strong></span> <span class='ocrx_word' id='word_1_108' title='bbox 788 1713 815 1758; x_wconf 86' lang='lat' dir='ltr'><strong>et</strong></span> <span class='ocrx_word' id='word_1_109' title='bbox 827 1706 952 1771; x_wconf 89' lang='lat' dir='ltr'><strong>infirmas,</strong></span> <span class='ocrx_word' id='word_1_110' title='bbox 964 1726 1012 1779; x_wconf 89' lang='lat' dir='ltr'><strong>per</strong></span> <span class='ocrx_word' id='word_1_111' title='bbox 1028 1709 1168 1779; x_wconf 87' lang='lat' dir='ltr'><strong>possibilia</strong></span> <span class='ocrx_word' id='word_1_112' title='bbox 1185 1725 1234 1780; x_wconf 86' lang='lat' dir='ltr'><strong>per</strong></span> <span class='ocrx_word' id='word_1_113' title='bbox 1252 1711 1365 1780; x_wconf 87' lang='lat' dir='ltr'><strong>gratiam</strong></span> 
     </span>
     <span class='ocr_line' id='line_1_15' title="bbox 134 1779 1366 1868; baseline -0.002 -16"><span class='ocrx_word' id='word_1_114' title='bbox 134 1815 152 1852; x_wconf 82' lang='lat' dir='ltr'><strong>a</strong></span> <span class='ocrx_word' id='word_1_115' title='bbox 170 1797 258 1868; x_wconf 88' lang='lat' dir='ltr'><strong>gratia</strong></span> <span class='ocrx_word' id='word_1_116' title='bbox 269 1813 374 1867; x_wconf 88' lang='lat' dir='ltr'><strong>magna,</strong></span> <span class='ocrx_word' id='word_1_117' title='bbox 393 1807 419 1848; x_wconf 86' lang='lat' dir='ltr'><strong>et</strong></span> <span class='ocrx_word' id='word_1_118' title='bbox 431 1794 538 1848; x_wconf 86' lang='lat' dir='ltr'><strong>efficaee</strong></span> <span class='ocrx_word' id='word_1_119' title='bbox 550 1810 599 1844; x_wconf 85' lang='lat' dir='ltr'><strong>seu</strong></span> <span class='ocrx_word' id='word_1_120' title='bbox 609 1792 706 1846; x_wconf 82' lang='lat' dir='ltr'><strong>auxilio</strong></span> <span class='ocrx_word' id='word_1_121' title='bbox 718 1792 819 1845; x_wconf 86' lang='lat' dir='ltr'><strong>efficaci</strong></span> <span class='ocrx_word' id='word_1_122' title='bbox 833 1792 954 1864; x_wconf 73' lang='lat' dir='ltr'><strong>adplene</strong></span> <span class='ocrx_word' id='word_1_123' title='bbox 964 1814 1055 1850; x_wconf 90' lang='lat' dir='ltr'><strong>eorum</strong></span> <span class='ocrx_word' id='word_1_124' title='bbox 1071 1795 1155 1848; x_wconf 78' lang='lat' dir='ltr'><strong>libero</strong></span> <span class='ocrx_word' id='word_1_125' title='bbox 1173 1797 1283 1849; x_wconf 88' lang='lat' dir='ltr'><strong>arbitrio</strong></span> <span class='ocrx_word' id='word_1_126' title='bbox 1301 1779 1366 1850; x_wconf 82' lang='lat' dir='ltr'><strong>stib-</strong></span> 
     </span>
     <span class='ocr_line' id='line_1_16' title="bbox 133 1878 1365 1956; baseline -0.001 -18"><span class='ocrx_word' id='word_1_127' title='bbox 133 1885 274 1948; x_wconf 88' lang='lat' dir='ltr'><strong>habentur,</strong></span> <span class='ocrx_word' id='word_1_128' title='bbox 292 1883 418 1936; x_wconf 90' lang='lat' dir='ltr'><strong>mandata</strong></span> <span class='ocrx_word' id='word_1_129' title='bbox 437 1882 478 1934; x_wconf 89' lang='lat' dir='ltr'><strong>dei</strong></span> <span class='ocrx_word' id='word_1_130' title='bbox 491 1883 539 1934; x_wconf 88' lang='lat' dir='ltr'><strong>im·</strong></span> <span class='ocrx_word' id='word_1_131' title='bbox 553 1878 693 1932; x_wconf 89' lang='lat' dir='ltr'><strong>volendum</strong></span> <span class='ocrx_word' id='word_1_132' title='bbox 701 1879 897 1948; x_wconf 88' lang='lat' dir='ltr'><strong>etoperandum</strong></span> <span class='ocrx_word' id='word_1_133' title='bbox 906 1895 953 1932; x_wconf 89' lang='lat' dir='ltr'><strong>ne·</strong></span> <span class='ocrx_word' id='word_1_134' title='bbox 967 1883 1067 1936; x_wconf 82' lang='lat' dir='ltr'><strong>&#39;eatam</strong></span> <span class='ocrx_word' id='word_1_135' title='bbox 1098 1883 1156 1936; x_wconf 87' lang='lat' dir='ltr'><strong>Nee</strong></span> <span class='ocrx_word' id='word_1_136' title='bbox 1169 1901 1286 1953; x_wconf 86' lang='lat' dir='ltr'><strong>unquam</strong></span> <span class='ocrx_word' id='word_1_137' title='bbox 1298 1884 1365 1956; x_wconf 90' lang='lat' dir='ltr'><strong>ipsis</strong></span> 
     </span>
     <span class='ocr_line' id='line_1_17' title="bbox 134 1965 1366 2044; baseline -0.002 -19"><span class='ocrx_word' id='word_1_138' title='bbox 134 1971 283 2044; x_wconf 89' lang='lat' dir='ltr'><strong>possibilia.</strong></span> <span class='ocrx_word' id='word_1_139' title='bbox 324 1969 410 2022; x_wconf 85' lang='lat' dir='ltr'><strong>Deest</strong></span> <span class='ocrx_word' id='word_1_140' title='bbox 433 1987 539 2039; x_wconf 87' lang='lat' dir='ltr'><strong>quoquo</strong></span> <span class='ocrx_word' id='word_1_141' title='bbox 551 1965 669 2018; x_wconf 86' lang='lat' dir='ltr'><strong>cessario</strong></span> <span class='ocrx_word' id='word_1_142' title='bbox 681 1966 815 2019; x_wconf 88' lang='lat' dir='ltr'><strong>destitutis</strong></span> <span class='ocrx_word' id='word_1_143' title='bbox 828 1966 953 2038; x_wconf 89' lang='lat' dir='ltr'><strong>impossi·</strong></span> <span class='ocrx_word' id='word_1_144' title='bbox 966 1971 1042 2024; x_wconf 85' lang='lat' dir='ltr'><strong>deest</strong></span> <span class='ocrx_word' id='word_1_145' title='bbox 1054 1969 1141 2042; x_wconf 85' lang='lat' dir='ltr'><strong>gratia</strong></span> <span class='ocrx_word' id='word_1_146' title='bbox 1158 1969 1366 2041; x_wconf 88' lang='lat' dir='ltr'><strong>adoperandum</strong></span> 
     </span>
     <span class='ocr_line' id='line_1_18' title="bbox 138 2052 1365 2129; baseline -0.002 -18"><span class='ocrx_word' id='word_1_147' title='bbox 138 2059 189 2111; x_wconf 91' lang='lat' dir='ltr'><strong>illis</strong></span> <span class='ocrx_word' id='word_1_148' title='bbox 214 2075 331 2129; x_wconf 87' lang='lat' dir='ltr'><strong>semper,</strong></span> <span class='ocrx_word' id='word_1_149' title='bbox 365 2065 392 2110; x_wconf 85' lang='lat' dir='ltr'><strong>et</strong></span> <span class='ocrx_word' id='word_1_150' title='bbox 415 2055 538 2126; x_wconf 90' lang='lat' dir='ltr'><strong>quamdiu</strong></span> <span class='ocrx_word' id='word_1_151' title='bbox 552 2053 612 2104; x_wconf 86' lang='lat' dir='ltr'><strong>bilia</strong></span> <span class='ocrx_word' id='word_1_152' title='bbox 631 2059 694 2105; x_wconf 86' lang='lat' dir='ltr'><strong>sunt</strong></span> <span class='ocrx_word' id='word_1_153' title='bbox 705 2052 828 2123; x_wconf 77' lang='lat' dir='ltr'><strong>proxime</strong></span> <span class='ocrx_word' id='word_1_154' title='bbox 842 2062 868 2105; x_wconf 84' lang='lat' dir='ltr'><strong>ct</strong></span> <span class='ocrx_word' id='word_1_155' title='bbox 881 2071 953 2105; x_wconf 87' lang='lat' dir='ltr'><strong>oom-</strong></span> <span class='ocrx_word' id='word_1_156' title='bbox 966 2057 1006 2111; x_wconf 91' lang='lat' dir='ltr'><strong>vel</strong></span> <span class='ocrx_word' id='word_1_157' title='bbox 1034 2057 1127 2109; x_wconf 88' lang='lat' dir='ltr'><strong>saltem</strong></span> <span class='ocrx_word' id='word_1_158' title='bbox 1147 2057 1180 2108; x_wconf 89' lang='lat' dir='ltr'><strong>ad</strong></span> <span class='ocrx_word' id='word_1_159' title='bbox 1200 2057 1365 2110; x_wconf 87' lang='lat' dir='ltr'><strong>adorandum</strong></span> 
     </span>
     <span class='ocr_line' id='line_1_19' title="bbox 139 2139 1368 2215; baseline -0.002 -18"><span class='ocrx_word' id='word_1_160' title='bbox 139 2145 238 2208; x_wconf 84' lang='lat' dir='ltr'><strong>vivunt,</strong></span> <span class='ocrx_word' id='word_1_161' title='bbox 258 2145 343 2214; x_wconf 88' lang='lat' dir='ltr'><strong>gratia</strong></span> <span class='ocrx_word' id='word_1_162' title='bbox 362 2160 415 2213; x_wconf 90' lang='lat' dir='ltr'><strong>qua</strong></span> <span class='ocrx_word' id='word_1_163' title='bbox 434 2144 539 2214; x_wconf 86' lang='lat' dir='ltr'><strong>possint</strong></span> <span class='ocrx_word' id='word_1_164' title='bbox 551 2139 629 2209; x_wconf 86' lang='lat' dir='ltr'><strong>plete,</strong></span> <span class='ocrx_word' id='word_1_165' title='bbox 650 2157 698 2192; x_wconf 89' lang='lat' dir='ltr'><strong>seu</strong></span> <span class='ocrx_word' id='word_1_166' title='bbox 711 2140 743 2191; x_wconf 93' lang='lat' dir='ltr'><strong>ab</strong></span> <span class='ocrx_word' id='word_1_167' title='bbox 767 2139 799 2192; x_wconf 91' lang='lat' dir='ltr'><strong>iis</strong></span> <span class='ocrx_word' id='word_1_168' title='bbox 818 2139 955 2213; x_wconf 90' lang='lat' dir='ltr'><strong>adimpleri</strong></span> <span class='ocrx_word' id='word_1_169' title='bbox 965 2144 1086 2215; x_wconf 84' lang='lat' dir='ltr'><strong>proxime</strong></span> <span class='ocrx_word' id='word_1_170' title='bbox 1126 2145 1280 2196; x_wconf 85' lang='lat' dir='ltr'><strong>necessaria</strong></span> <span class='ocrx_word' id='word_1_171' title='bbox 1315 2159 1368 2214; x_wconf 88' lang='lat' dir='ltr'><strong>qua</strong></span> 
     </span>
     <span class='ocr_line' id='line_1_20' title="bbox 139 2226 1188 2301; baseline 0.003 -22"><span class='ocrx_word' id='word_1_172' title='bbox 139 2230 182 2284; x_wconf 88' lang='lat' dir='ltr'><strong>vel</strong></span> <span class='ocrx_word' id='word_1_173' title='bbox 200 2249 278 2284; x_wconf 90' lang='lat' dir='ltr'><strong>unum</strong></span> <span class='ocrx_word' id='word_1_174' title='bbox 296 2248 329 2283; x_wconf 87' lang='lat' dir='ltr'><strong>ex</strong></span> <span class='ocrx_word' id='word_1_175' title='bbox 347 2229 482 2282; x_wconf 84' lang='lat' dir='ltr'><strong>mandatis·</strong></span> <span class='ocrx_word' id='word_1_176' title='bbox 499 2229 541 2282; x_wconf 90' lang='lat' dir='ltr'><strong>dei</strong></span> <span class='ocrx_word' id='word_1_177' title='bbox 552 2226 672 2297; x_wconf 77' lang='lat' dir='ltr'><strong>proxime</strong></span> <span class='ocrx_word' id='word_1_178' title='bbox 681 2243 735 2278; x_wconf 92' lang='lat' dir='ltr'><strong>non</strong></span> <span class='ocrx_word' id='word_1_179' title='bbox 747 2234 870 2296; x_wconf 88' lang='lat' dir='ltr'><strong>possunt.</strong></span> <span class='ocrx_word' id='word_1_180' title='bbox 901 2227 955 2279; x_wconf 90' lang='lat' dir='ltr'><strong>De·</strong></span> <span class='ocrx_word' id='word_1_181' title='bbox 966 2229 1105 2301; x_wconf 90' lang='lat' dir='ltr'><strong>possibilia</strong></span> <span class='ocrx_word' id='word_1_182' title='bbox 1117 2229 1188 2286; x_wconf 85' lang='lat' dir='ltr'><strong>fiant.</strong></span> 
     </span>
     <span class='ocr_line' id='line_1_21' title="bbox 139 2312 1368 2390; baseline -0.002 -19"><span class='ocrx_word' id='word_1_183' title='bbox 139 2319 198 2371; x_wconf 84' lang='lat' dir='ltr'><strong>siue</strong></span> <span class='ocrx_word' id='word_1_184' title='bbox 210 2325 320 2388; x_wconf 87' lang='lat' dir='ltr'><strong>peccato</strong></span> <span class='ocrx_word' id='word_1_185' title='bbox 334 2316 485 2387; x_wconf 90' lang='lat' dir='ltr'><strong>adimplere.</strong></span> <span class='ocrx_word' id='word_1_186' title='bbox 552 2321 594 2365; x_wconf 89' lang='lat' dir='ltr'><strong>est</strong></span> <span class='ocrx_word' id='word_1_187' title='bbox 607 2330 713 2384; x_wconf 88' lang='lat' dir='ltr'><strong>quoque</strong></span> <span class='ocrx_word' id='word_1_188' title='bbox 732 2313 783 2365; x_wconf 88' lang='lat' dir='ltr'><strong>illis</strong></span> <span class='ocrx_word' id='word_1_189' title='bbox 797 2312 884 2384; x_wconf 83' lang='lat' dir='ltr'><strong>gratia</strong></span> <span class='ocrx_word' id='word_1_190' title='bbox 898 2313 954 2365; x_wconf 87' lang='lat' dir='ltr'><strong>effi·</strong></span> <span class='ocrx_word' id='word_1_191' title='bbox 1001 2316 1181 2390; x_wconf 72' lang='lat' dir='ltr'><strong>Sustinemus,</strong></span> <span class='ocrx_word' id='word_1_192' title='bbox 1203 2332 1235 2368; x_wconf 88' lang='lat' dir='ltr'><strong>ac</strong></span> <span class='ocrx_word' id='word_1_193' title='bbox 1259 2315 1368 2368; x_wconf 88' lang='lat' dir='ltr'><strong>demon-</strong></span> 
     </span>
     <span class='ocr_line' id='line_1_22' title="bbox 173 2400 1369 2475; baseline -0.003 -17"><span class='ocrx_word' id='word_1_194' title='bbox 173 2404 248 2458; x_wconf 86' lang='lat' dir='ltr'><strong>Haec</strong></span> <span class='ocrx_word' id='word_1_195' title='bbox 260 2404 411 2475; x_wconf 85' lang='lat' dir='ltr'><strong>propositio</strong></span> <span class='ocrx_word' id='word_1_196' title='bbox 424 2411 467 2456; x_wconf 86' lang='lat' dir='ltr'><strong>est</strong></span> <span class='ocrx_word' id='word_1_197' title='bbox 477 2403 541 2456; x_wconf 87' lang='lat' dir='ltr'><strong>hae·</strong></span> <span class='ocrx_word' id='word_1_198' title='bbox 552 2417 601 2452; x_wconf 83' lang='lat' dir='ltr'><strong>tax</strong></span> <span class='ocrx_word' id='word_1_199' title='bbox 612 2417 664 2470; x_wconf 87' lang='lat' dir='ltr'><strong>qua</strong></span> <span class='ocrx_word' id='word_1_200' title='bbox 675 2409 819 2471; x_wconf 81' lang='lat' dir='ltr'><strong>praecepta</strong></span> <span class='ocrx_word' id='word_1_201' title='bbox 830 2400 880 2452; x_wconf 92' lang='lat' dir='ltr'><strong>illis</strong></span> <span class='ocrx_word' id='word_1_202' title='bbox 890 2418 954 2471; x_wconf 87' lang='lat' dir='ltr'><strong>pro·</strong></span> <span class='ocrx_word' id='word_1_203' title='bbox 967 2413 1052 2457; x_wconf 87' lang='lat' dir='ltr'><strong>strare</strong></span> <span class='ocrx_word' id='word_1_204' title='bbox 1075 2403 1162 2474; x_wconf 88' lang='lat' dir='ltr'><strong>parati</strong></span> <span class='ocrx_word' id='word_1_205' title='bbox 1188 2421 1279 2456; x_wconf 88' lang='lat' dir='ltr'><strong>sumus</strong></span> <span class='ocrx_word' id='word_1_206' title='bbox 1301 2403 1369 2456; x_wconf 90' lang='lat' dir='ltr'><strong>hanc</strong></span> 
     </span>
     <span class='ocr_line' id='line_1_23' title="bbox 138 2487 1371 2562; baseline -0.002 -18"><span class='ocrx_word' id='word_1_207' title='bbox 138 2493 231 2555; x_wconf 85' lang='lat' dir='ltr'><strong>retica,</strong></span> <span class='ocrx_word' id='word_1_208' title='bbox 252 2490 406 2544; x_wconf 86' lang='lat' dir='ltr'><strong>Calviniana</strong></span> <span class='ocrx_word' id='word_1_209' title='bbox 425 2499 471 2542; x_wconf 88' lang='lat' dir='ltr'><strong>aut</strong></span> <span class='ocrx_word' id='word_1_210' title='bbox 488 2489 541 2542; x_wconf 91' lang='lat' dir='ltr'><strong>Lu·</strong></span> <span class='ocrx_word' id='word_1_211' title='bbox 552 2487 621 2539; x_wconf 78' lang='lat' dir='ltr'><strong>xime</strong></span> <span class='ocrx_word' id='word_1_212' title='bbox 631 2488 771 2557; x_wconf 90' lang='lat' dir='ltr'><strong>possibilia</strong></span> <span class='ocrx_word' id='word_1_213' title='bbox 780 2487 844 2540; x_wconf 85' lang='lat' dir='ltr'><strong>fiant</strong></span> <span class='ocrx_word' id='word_1_214' title='bbox 853 2505 900 2540; x_wconf 91' lang='lat' dir='ltr'><strong>seu</strong></span> <span class='ocrx_word' id='word_1_215' title='bbox 909 2487 954 2540; x_wconf 87' lang='lat' dir='ltr'><strong>de·</strong></span> <span class='ocrx_word' id='word_1_216' title='bbox 966 2491 1193 2562; x_wconf 84' lang='lat' dir='ltr'><strong>propositionem,</strong></span> <span class='ocrx_word' id='word_1_217' title='bbox 1228 2507 1297 2560; x_wconf 90' lang='lat' dir='ltr'><strong>quae</strong></span> <span class='ocrx_word' id='word_1_218' title='bbox 1328 2496 1371 2542; x_wconf 88' lang='lat' dir='ltr'><strong>est</strong></span> 
     </span>
     <span class='ocr_line' id='line_1_24' title="bbox 136 2574 1370 2644; baseline -0.003 -12"><span class='ocrx_word' id='word_1_219' title='bbox 136 2579 251 2632; x_wconf 82' lang='lat' dir='ltr'><strong>tharana</strong></span> <span class='ocrx_word' id='word_1_220' title='bbox 271 2585 298 2630; x_wconf 87' lang='lat' dir='ltr'><strong>et</strong></span> <span class='ocrx_word' id='word_1_221' title='bbox 315 2595 331 2628; x_wconf 87' lang='lat' dir='ltr'><strong>a</strong></span> <span class='ocrx_word' id='word_1_222' title='bbox 349 2576 468 2630; x_wconf 86' lang='lat' dir='ltr'><strong>Concilio</strong></span> <span class='ocrx_word' id='word_1_223' title='bbox 481 2577 541 2629; x_wconf 86' lang='lat' dir='ltr'><strong>Tri·</strong></span> <span class='ocrx_word' id='word_1_224' title='bbox 552 2583 594 2626; x_wconf 87' lang='lat' dir='ltr'><strong>eat</strong></span> <span class='ocrx_word' id='word_1_225' title='bbox 606 2574 657 2626; x_wconf 88' lang='lat' dir='ltr'><strong>illis</strong></span> <span class='ocrx_word' id='word_1_226' title='bbox 677 2574 792 2644; x_wconf 82' lang='lat' dir='ltr'><strong>speciale</strong></span> <span class='ocrx_word' id='word_1_227' title='bbox 805 2574 868 2626; x_wconf 90' lang='lat' dir='ltr'><strong>illud</strong></span> <span class='ocrx_word' id='word_1_228' title='bbox 881 2574 955 2626; x_wconf 86' lang='lat' dir='ltr'><strong>auxi·</strong></span> <span class='ocrx_word' id='word_1_229' title='bbox 965 2577 1092 2638; x_wconf 91' lang='lat' dir='ltr'><strong>Molinae,</strong></span> <span class='ocrx_word' id='word_1_230' title='bbox 1111 2586 1136 2629; x_wconf 92' lang='lat' dir='ltr'><strong>et</strong></span> <span class='ocrx_word' id='word_1_231' title='bbox 1147 2576 1370 2640; x_wconf 89' lang='lat' dir='ltr'><strong>adversariorum,</strong></span> 
     </span>
     <span class='ocr_line' id='line_1_25' title="bbox 137 2660 1370 2734; baseline -0.004 -15"><span class='ocrx_word' id='word_1_232' title='bbox 137 2666 247 2720; x_wconf 86' lang='lat' dir='ltr'><strong>dentino</strong></span> <span class='ocrx_word' id='word_1_233' title='bbox 263 2665 396 2716; x_wconf 85' lang='lat' dir='ltr'><strong>damnata.</strong></span> <span class='ocrx_word' id='word_1_234' title='bbox 553 2661 614 2713; x_wconf 92' lang='lat' dir='ltr'><strong>lium</strong></span> <span class='ocrx_word' id='word_1_235' title='bbox 632 2662 689 2714; x_wconf 88' lang='lat' dir='ltr'><strong>sine</strong></span> <span class='ocrx_word' id='word_1_236' title='bbox 714 2679 767 2730; x_wconf 93' lang='lat' dir='ltr'><strong>quo</strong></span> <span class='ocrx_word' id='word_1_237' title='bbox 784 2660 955 2730; x_wconf 85' lang='lat' dir='ltr'><strong>justificatus,</strong></span> <span class='ocrx_word' id='word_1_238' title='bbox 967 2682 1028 2717; x_wconf 86' lang='lat' dir='ltr'><strong>esse</strong></span> <span class='ocrx_word' id='word_1_239' title='bbox 1039 2664 1218 2734; x_wconf 75' lang='lat' dir='ltr'><strong>pelagianam,</strong></span> <span class='ocrx_word' id='word_1_240' title='bbox 1232 2663 1273 2716; x_wconf 91' lang='lat' dir='ltr'><strong>vel</strong></span> <span class='ocrx_word' id='word_1_241' title='bbox 1284 2662 1370 2716; x_wconf 87' lang='lat' dir='ltr'><strong>Semi·</strong></span> 
     </span>
     <span class='ocr_line' id='line_1_26' title="bbox 553 2745 1370 2822; baseline 0.002 -22"><span class='ocrx_word' id='word_1_242' title='bbox 553 2755 582 2800; x_wconf 87' lang='lat' dir='ltr'><strong>ut</strong></span> <span class='ocrx_word' id='word_1_243' title='bbox 600 2747 638 2800; x_wconf 84' lang='lat' dir='ltr'><strong>ait</strong></span> <span class='ocrx_word' id='word_1_244' title='bbox 657 2745 803 2800; x_wconf 87' lang='lat' dir='ltr'><strong>Concilium</strong></span> <span class='ocrx_word' id='word_1_245' title='bbox 821 2747 955 2800; x_wconf 86' lang='lat' dir='ltr'><strong>Tridenti·</strong></span> <span class='ocrx_word' id='word_1_246' title='bbox 966 2751 1141 2822; x_wconf 75' lang='lat' dir='ltr'><strong>pelagianam,</strong></span> <span class='ocrx_word' id='word_1_247' title='bbox 1153 2751 1214 2820; x_wconf 87' lang='lat' dir='ltr'><strong>quia</strong></span> <span class='ocrx_word' id='word_1_248' title='bbox 1224 2750 1325 2821; x_wconf 85' lang='lat' dir='ltr'><strong>gratiae</strong></span> <span class='ocrx_word' id='word_1_249' title='bbox 1337 2767 1370 2802; x_wconf 89' lang='lat' dir='ltr'><strong>ex</strong></span> 
     </span>
     <span class='ocr_line' id='line_1_27' title="bbox 470 2820 1370 2907; baseline 0.002 -21"><span class='ocrx_word' id='word_1_250' title='bbox 470 2820 478 2833; x_wconf 48' lang='lat'>⁸</span> <span class='ocrx_word' id='word_1_251' title='bbox 553 2851 622 2898; x_wconf 91' lang='lat' dir='ltr'><strong>num,</strong></span> <span class='ocrx_word' id='word_1_252' title='bbox 640 2835 665 2886; x_wconf 94' lang='lat' dir='ltr'><strong>in</strong></span> <span class='ocrx_word' id='word_1_253' title='bbox 679 2843 789 2904; x_wconf 77' lang='lat' dir='ltr'><strong>accepta</strong></span> <span class='ocrx_word' id='word_1_254' title='bbox 798 2833 911 2904; x_wconf 87' lang='lat' dir='ltr'><strong>justitia,</strong></span> <span class='ocrx_word' id='word_1_255' title='bbox 930 2834 955 2885; x_wconf 91' lang='lat' dir='ltr'><strong>id</strong></span> <span class='ocrx_word' id='word_1_256' title='bbox 967 2837 1370 2907; x_wconf 86' lang='lat' dir='ltr'><strong>seefficacisadsingulosactus</strong></span> 
     </span>
     <span class='ocr_line' id='line_1_28' title="bbox 553 2921 1369 2976; baseline 0 -2"><span class='ocrx_word' id='word_1_257' title='bbox 553 2930 596 2974; x_wconf 87' lang='lat' dir='ltr'><strong>est</strong></span> <span class='ocrx_word' id='word_1_258' title='bbox 613 2921 639 2972; x_wconf 93' lang='lat' dir='ltr'><strong>in</strong></span> <span class='ocrx_word' id='word_1_259' title='bbox 658 2921 863 2974; x_wconf 89' lang='lat' dir='ltr'><strong>observantione</strong></span> <span class='ocrx_word' id='word_1_260' title='bbox 881 2939 955 2973; x_wconf 93' lang='lat' dir='ltr'><strong>man·</strong></span> <span class='ocrx_word' id='word_1_261' title='bbox 967 2924 1154 2976; x_wconf 85' lang='lat' dir='ltr'><strong>necessitatem</strong></span> <span class='ocrx_word' id='word_1_262' title='bbox 1169 2923 1290 2976; x_wconf 90' lang='lat' dir='ltr'><strong>destruit.</strong></span> <span class='ocrx_word' id='word_1_263' title='bbox 1318 2923 1369 2975; x_wconf 87' lang='lat' dir='ltr'><strong>At-</strong></span> 
     </span>
     <span class='ocr_line' id='line_1_29' title="bbox 554 3007 1374 3082; baseline 0.002 -22"><span class='ocrx_word' id='word_1_264' title='bbox 554 3009 677 3062; x_wconf 87' lang='lat' dir='ltr'><strong>datorum</strong></span> <span class='ocrx_word' id='word_1_265' title='bbox 707 3007 749 3061; x_wconf 88' lang='lat' dir='ltr'><strong>dei</strong></span> <span class='ocrx_word' id='word_1_266' title='bbox 781 3026 955 3080; x_wconf 87' lang='lat' dir='ltr'><strong>perseverare</strong></span> <span class='ocrx_word' id='word_1_267' title='bbox 968 3030 1019 3082; x_wconf 88' lang='lat' dir='ltr'><strong>que</strong></span> <span class='ocrx_word' id='word_1_268' title='bbox 1043 3010 1081 3062; x_wconf 90' lang='lat' dir='ltr'><strong>ita</strong></span> <span class='ocrx_word' id='word_1_269' title='bbox 1099 3009 1261 3062; x_wconf 88' lang='lat' dir='ltr'><strong>declaratum</strong></span> <span class='ocrx_word' id='word_1_270' title='bbox 1282 3017 1324 3062; x_wconf 87' lang='lat' dir='ltr'><strong>est</strong></span> <span class='ocrx_word' id='word_1_271' title='bbox 1347 3009 1374 3062; x_wconf 94' lang='lat' dir='ltr'><strong>in</strong></span> 
     </span>
     <span class='ocr_line' id='line_1_30' title="bbox 553 3094 1374 3169; baseline 0.001 -22"><span class='ocrx_word' id='word_1_272' title='bbox 553 3113 607 3148; x_wconf 91' lang='lat' dir='ltr'><strong>non</strong></span> <span class='ocrx_word' id='word_1_273' title='bbox 619 3102 719 3166; x_wconf 84' lang='lat' dir='ltr'><strong>potest.</strong></span> <span class='ocrx_word' id='word_1_274' title='bbox 969 3097 1187 3169; x_wconf 70' lang='lat' dir='ltr'><strong>congregatione</strong></span> <span class='ocrx_word' id='word_1_275' title='bbox 1200 3095 1321 3149; x_wconf 87' lang='lat' dir='ltr'><strong>Romana</strong></span> <span class='ocrx_word' id='word_1_276' title='bbox 1341 3094 1374 3148; x_wconf 82' lang='lat' dir='ltr'><strong>de</strong></span> 
     </span>
     <span class='ocr_line' id='line_1_31' title="bbox 589 3181 1376 3247; baseline -0.003 -11"><span class='ocrx_word' id='word_1_277' title='bbox 589 3182 766 3247; x_wconf 90' lang='lat' dir='ltr'><strong>Sustinemus,</strong></span> <span class='ocrx_word' id='word_1_278' title='bbox 792 3199 823 3234; x_wconf 88' lang='lat' dir='ltr'><strong>ac</strong></span> <span class='ocrx_word' id='word_1_279' title='bbox 846 3181 956 3234; x_wconf 87' lang='lat' dir='ltr'><strong>demon·</strong></span> <span class='ocrx_word' id='word_1_280' title='bbox 970 3185 1073 3238; x_wconf 87' lang='lat' dir='ltr'><strong>auxiliis</strong></span> <span class='ocrx_word' id='word_1_281' title='bbox 1094 3184 1144 3236; x_wconf 84' lang='lat' dir='ltr'><strong>sub</strong></span> <span class='ocrx_word' id='word_1_282' title='bbox 1165 3181 1376 3236; x_wconf 84' lang='lat' dir='ltr'><strong>Clem.V111.et</strong></span> 
     </span>
     <span class='ocr_line' id='line_1_32' title="bbox 555 3267 1109 3341; baseline 0 -19"><span class='ocrx_word' id='word_1_283' title='bbox 555 3277 643 3322; x_wconf 89' lang='lat' dir='ltr'><strong>strare</strong></span> <span class='ocrx_word' id='word_1_284' title='bbox 663 3267 751 3341; x_wconf 88' lang='lat' dir='ltr'><strong>parati</strong></span> <span class='ocrx_word' id='word_1_285' title='bbox 775 3286 866 3322; x_wconf 88' lang='lat' dir='ltr'><strong>sumus</strong></span> <span class='ocrx_word' id='word_1_286' title='bbox 891 3269 958 3322; x_wconf 87' lang='lat' dir='ltr'><strong>hanc</strong></span> <span class='ocrx_word' id='word_1_287' title='bbox 972 3270 1055 3324; x_wconf 90' lang='lat' dir='ltr'><strong>Paulo</strong></span> <span class='ocrx_word' id='word_1_288' title='bbox 1074 3269 1109 3322; x_wconf 89' lang='lat' dir='ltr'><strong>V.</strong></span> 
     </span>
     <span class='ocr_line' id='line_1_33' title="bbox 554 3355 960 3428; baseline 0 -20"><span class='ocrx_word' id='word_1_289' title='bbox 554 3355 769 3428; x_wconf 87' lang='lat' dir='ltr'><strong>propositionem</strong></span> <span class='ocrx_word' id='word_1_290' title='bbox 811 3355 845 3408; x_wconf 89' lang='lat' dir='ltr'><strong>ad</strong></span> <span class='ocrx_word' id='word_1_291' title='bbox 882 3355 960 3410; x_wconf 91' lang='lat' dir='ltr'><strong>fidem</strong></span> 
     </span>
     <span class='ocr_line' id='line_1_34' title="bbox 556 3442 959 3514; baseline -0.005 -18"><span class='ocrx_word' id='word_1_292' title='bbox 556 3442 692 3496; x_wconf 80' lang='lat' dir='ltr'><strong>Ecclesiae</strong></span> <span class='ocrx_word' id='word_1_293' title='bbox 716 3443 863 3514; x_wconf 84' lang='lat' dir='ltr'><strong>pertinere:</strong></span> <span class='ocrx_word' id='word_1_294' title='bbox 888 3450 915 3495; x_wconf 88' lang='lat' dir='ltr'><strong>et</strong></span> <span class='ocrx_word' id='word_1_295' title='bbox 932 3443 959 3494; x_wconf 92' lang='lat' dir='ltr'><strong>in</strong></span> 
     </span>
     <span class='ocr_line' id='line_1_35' title="bbox 557 3529 960 3602; baseline -0.007 -19"><span class='ocrx_word' id='word_1_296' title='bbox 557 3529 585 3583; x_wconf 86' lang='lat' dir='ltr'><strong>S.</strong></span> <span class='ocrx_word' id='word_1_297' title='bbox 609 3529 755 3602; x_wconf 85' lang='lat' dir='ltr'><strong>August-ini</strong></span> <span class='ocrx_word' id='word_1_298' title='bbox 777 3529 899 3582; x_wconf 87' lang='lat' dir='ltr'><strong>doctrina</strong></span> <span class='ocrx_word' id='word_1_299' title='bbox 921 3529 960 3580; x_wconf 92' lang='lat' dir='ltr'><strong>in-</strong></span> 
     </span>
     <span class='ocr_line' id='line_1_36' title="bbox 557 3615 961 3686; baseline -0.005 -17"><span class='ocrx_word' id='word_1_300' title='bbox 557 3615 703 3669; x_wconf 90' lang='lat' dir='ltr'><strong>dubitatam</strong></span> <span class='ocrx_word' id='word_1_301' title='bbox 731 3633 807 3683; x_wconf 90' lang='lat' dir='ltr'><strong>esse,</strong></span> <span class='ocrx_word' id='word_1_302' title='bbox 837 3623 917 3686; x_wconf 84' lang='lat' dir='ltr'><strong>utque</strong></span> <span class='ocrx_word' id='word_1_303' title='bbox 945 3633 961 3667; x_wconf 92' lang='lat' dir='ltr'><strong>a</strong></span> 
     </span>
     <span class='ocr_line' id='line_1_37' title="bbox 488 3701 965 3757; baseline -0.008 1"><span class='ocrx_word' id='word_1_304' title='bbox 488 3739 490 3744; x_wconf 84' lang='lat'><em>·</em></span> <span class='ocrx_word' id='word_1_305' title='bbox 557 3703 668 3757; x_wconf 89' lang='lat' dir='ltr'><strong>concilio</strong></span> <span class='ocrx_word' id='word_1_306' title='bbox 702 3702 859 3756; x_wconf 87' lang='lat' dir='ltr'><strong>Tridentino</strong></span> <span class='ocrx_word' id='word_1_307' title='bbox 896 3701 965 3756; x_wconf 86' lang='lat' dir='ltr'><strong>deti·</strong></span> 
     </span>
     <span class='ocr_line' id='line_1_38' title="bbox 556 3791 645 3844; baseline 0.011 -1"><span class='ocrx_word' id='word_1_308' title='bbox 556 3791 645 3844; x_wconf 88' lang='lat' dir='ltr'><strong>uitam.</strong></span> 
     </span>
    </p>
   </div>
   <div class='ocr_carea' id='block_1_4' title="bbox 559 3971 960 4117">
    <p class='ocr_par' dir='ltr' id='par_1_5' title="bbox 559 3971 960 4117">
     <span class='ocr_line' id='line_1_39' title="bbox 559 3971 960 4046; baseline -0.017 -13"><span class='ocrx_word' id='word_1_309' title='bbox 559 3973 717 4033; x_wconf 81' lang='lat' dir='ltr'><strong>Secunda</strong></span> <span class='ocrx_word' id='word_1_310' title='bbox 743 3971 960 4046; x_wconf 69' lang='lat' dir='ltr'><strong>Propositio,</strong></span> 
     </span>
     <span class='ocr_line' id='line_1_40' title="bbox 599 4061 916 4117; baseline -0.016 0"><span class='ocrx_word' id='word_1_311' title='bbox 599 4063 742 4117; x_wconf 87' lang='lat' dir='ltr'><strong>Fabricata</strong></span> <span class='ocrx_word' id='word_1_312' title='bbox 754 4071 781 4115; x_wconf 87' lang='lat' dir='ltr'><strong>et</strong></span> <span class='ocrx_word' id='word_1_313' title='bbox 793 4061 916 4114; x_wconf 85' lang='lat' dir='ltr'><strong>exhibita.</strong></span> 
     </span>
    </p>
   </div>
   <div class='ocr_carea' id='block_1_5' title="bbox 219 4159 1345 4257">
    <p class='ocr_par' dir='ltr' id='par_1_6' title="bbox 219 4159 1345 4257">
     <span class='ocr_line' id='line_1_41' title="bbox 219 4159 1345 4257; baseline -0.013 -20"><span class='ocrx_word' id='word_1_314' title='bbox 219 4170 374 4237; x_wconf 86' lang='lat' dir='ltr'><strong>Interiori</strong></span> <span class='ocrx_word' id='word_1_315' title='bbox 390 4169 518 4257; x_wconf 87' lang='lat' dir='ltr'><strong>gratiae</strong></span> <span class='ocrx_word' id='word_1_316' title='bbox 532 4169 567 4234; x_wconf 93' lang='lat' dir='ltr'><strong>in</strong></span> <span class='ocrx_word' id='word_1_317' title='bbox 589 4175 680 4234; x_wconf 83' lang='lat' dir='ltr'><strong>statu</strong></span> <span class='ocrx_word' id='word_1_318' title='bbox 695 4172 835 4233; x_wconf 88' lang='lat' dir='ltr'><strong>naturae</strong></span> <span class='ocrx_word' id='word_1_319' title='bbox 850 4163 966 4250; x_wconf 86' lang='lat' dir='ltr'><strong>lapsae</strong></span> <span class='ocrx_word' id='word_1_320' title='bbox 982 4181 1152 4247; x_wconf 88' lang='lat' dir='ltr'><strong>nunquam</strong></span> <span class='ocrx_word' id='word_1_321' title='bbox 1168 4159 1345 4230; x_wconf 88' lang='lat' dir='ltr'><strong>resistitur.</strong></span> 
     </span>
    </p>
   </div>
   <div class='ocr_carea' id='block_1_6' title="bbox 147 4279 1384 4706">
    <p class='ocr_par' dir='ltr' id='par_1_7' title="bbox 147 4279 1382 4359">
     <span class='ocr_line' id='line_1_42' title="bbox 147 4279 1382 4359; baseline -0.011 -15"><span class='ocrx_word' id='word_1_322' title='bbox 147 4291 252 4345; x_wconf 87' lang='lat' dir='ltr'><strong>Sensus</strong></span> <span class='ocrx_word' id='word_1_323' title='bbox 270 4290 430 4344; x_wconf 87' lang='lat' dir='ltr'><strong>Haereticus</strong></span> <span class='ocrx_word' id='word_1_324' title='bbox 449 4290 493 4359; x_wconf 92' lang='lat' dir='ltr'><strong>qui</strong></span> <span class='ocrx_word' id='word_1_325' title='bbox 506 4305 549 4342; x_wconf 87' lang='lat' dir='ltr'><strong>se·</strong></span> <span class='ocrx_word' id='word_1_326' title='bbox 569 4287 692 4342; x_wconf 89' lang='lat' dir='ltr'><strong>Secunda</strong></span> <span class='ocrx_word' id='word_1_327' title='bbox 715 4284 879 4356; x_wconf 90' lang='lat' dir='ltr'><strong>Propositio,</strong></span> <span class='ocrx_word' id='word_1_328' title='bbox 901 4291 931 4336; x_wconf 90' lang='lat' dir='ltr'><strong>ut</strong></span> <span class='ocrx_word' id='word_1_329' title='bbox 953 4280 1134 4351; x_wconf 88' lang='lat' dir='ltr'><strong>aPropositio</strong></span> <span class='ocrx_word' id='word_1_330' title='bbox 1157 4279 1296 4333; x_wconf 84' lang='lat' dir='ltr'><strong>Secundae</strong></span> <span class='ocrx_word' id='word_1_331' title='bbox 1318 4295 1382 4331; x_wconf 90' lang='lat' dir='ltr'><strong>con-</strong></span> 
     </span>
    </p>

    <p class='ocr_par' dir='ltr' id='par_1_8' title="bbox 148 4366 1383 4449">
     <span class='ocr_line' id='line_1_43' title="bbox 148 4366 1383 4449; baseline -0.011 -18"><span class='ocrx_word' id='word_1_332' title='bbox 148 4377 250 4432; x_wconf 89' lang='lat' dir='ltr'><strong>cundae</strong></span> <span class='ocrx_word' id='word_1_333' title='bbox 284 4375 464 4449; x_wconf 89' lang='lat' dir='ltr'><strong>propositioni</strong></span> <span class='ocrx_word' id='word_1_334' title='bbox 493 4393 549 4428; x_wconf 88' lang='lat' dir='ltr'><strong>ma·</strong></span> <span class='ocrx_word' id='word_1_335' title='bbox 569 4375 647 4428; x_wconf 86' lang='lat' dir='ltr'><strong>nobis</strong></span> <span class='ocrx_word' id='word_1_336' title='bbox 660 4372 821 4443; x_wconf 86' lang='lat' dir='ltr'><strong>intelligitur,</strong></span> <span class='ocrx_word' id='word_1_337' title='bbox 834 4388 864 4424; x_wconf 89' lang='lat' dir='ltr'><strong>ac</strong></span> <span class='ocrx_word' id='word_1_338' title='bbox 877 4370 968 4424; x_wconf 86' lang='lat' dir='ltr'><strong>defen·</strong></span> <span class='ocrx_word' id='word_1_339' title='bbox 981 4368 1069 4434; x_wconf 84' lang='lat' dir='ltr'><strong>traria,</strong></span> <span class='ocrx_word' id='word_1_340' title='bbox 1099 4373 1128 4420; x_wconf 85' lang='lat' dir='ltr'><strong>ut</strong></span> <span class='ocrx_word' id='word_1_341' title='bbox 1157 4367 1190 4419; x_wconf 91' lang='lat' dir='ltr'><strong>ab</strong></span> <span class='ocrx_word' id='word_1_342' title='bbox 1221 4366 1383 4420; x_wconf 81' lang='lat' dir='ltr'><strong>adversariis</strong></span> 
     </span>
    </p>

    <p class='ocr_par' dir='ltr' id='par_1_9' title="bbox 148 4452 1257 4536">
     <span class='ocr_line' id='line_1_44' title="bbox 148 4452 1257 4536; baseline -0.009 -20"><span class='ocrx_word' id='word_1_343' title='bbox 148 4456 219 4536; x_wconf 76' lang='lat' dir='ltr'><strong>ligia</strong></span> <span class='ocrx_word' id='word_1_344' title='bbox 243 4463 333 4535; x_wconf 88' lang='lat' dir='ltr'><strong>affingi</strong></span> <span class='ocrx_word' id='word_1_345' title='bbox 353 4469 457 4534; x_wconf 87' lang='lat' dir='ltr'><strong>posset,</strong></span> <span class='ocrx_word' id='word_1_346' title='bbox 476 4480 553 4533; x_wconf 91' lang='lat' dir='ltr'><strong>quem</strong></span> <span class='ocrx_word' id='word_1_347' title='bbox 727 4459 804 4512; x_wconf 89' lang='lat' dir='ltr'><strong>ditur.</strong></span> <span class='ocrx_word' id='word_1_348' title='bbox 1100 4452 1257 4506; x_wconf 85' lang='lat' dir='ltr'><strong>defenditur.</strong></span> 
     </span>
    </p>

    <p class='ocr_par' dir='ltr' id='par_1_10' title="bbox 149 4539 1384 4706">
     <span class='ocr_line' id='line_1_45' title="bbox 149 4539 1383 4622; baseline -0.011 -18"><span class='ocrx_word' id='word_1_349' title='bbox 149 4557 237 4604; x_wconf 85' lang='lat' dir='ltr'><strong>tamen</strong></span> <span class='ocrx_word' id='word_1_350' title='bbox 251 4549 370 4622; x_wconf 88' lang='lat' dir='ltr'><strong>legitime</strong></span> <span class='ocrx_word' id='word_1_351' title='bbox 383 4560 489 4621; x_wconf 84' lang='lat' dir='ltr'><strong>sumpta</strong></span> <span class='ocrx_word' id='word_1_352' title='bbox 500 4567 552 4603; x_wconf 92' lang='lat' dir='ltr'><strong>non</strong></span> <span class='ocrx_word' id='word_1_353' title='bbox 605 4547 713 4601; x_wconf 87' lang='lat' dir='ltr'><strong>Gratiae</strong></span> <span class='ocrx_word' id='word_1_354' title='bbox 727 4543 826 4598; x_wconf 83' lang='lat' dir='ltr'><strong>Christi</strong></span> <span class='ocrx_word' id='word_1_355' title='bbox 837 4542 869 4596; x_wconf 91' lang='lat' dir='ltr'><strong>ad</strong></span> <span class='ocrx_word' id='word_1_356' title='bbox 880 4542 971 4614; x_wconf 89' lang='lat' dir='ltr'><strong>singu·</strong></span> <span class='ocrx_word' id='word_1_357' title='bbox 1016 4541 1125 4595; x_wconf 84' lang='lat' dir='ltr'><strong>Gratiae</strong></span> <span class='ocrx_word' id='word_1_358' title='bbox 1150 4539 1248 4593; x_wconf 89' lang='lat' dir='ltr'><strong>Christi</strong></span> <span class='ocrx_word' id='word_1_359' title='bbox 1273 4539 1307 4592; x_wconf 93' lang='lat' dir='ltr'><strong>ad</strong></span> <span class='ocrx_word' id='word_1_360' title='bbox 1328 4539 1383 4592; x_wconf 90' lang='lat' dir='ltr'><strong>sin·</strong></span> 
     </span>
     <span class='ocr_line' id='line_1_46' title="bbox 215 4626 1384 4706; baseline -0.009 -15"><span class='ocrx_word' id='word_1_361' title='bbox 215 4667 219 4672; x_wconf 88' lang='lat'><em>-</em></span> <span class='ocrx_word' id='word_1_362' title='bbox 307 4633 393 4690; x_wconf 88' lang='lat' dir='ltr'><strong>habet.</strong></span> <span class='ocrx_word' id='word_1_363' title='bbox 563 4637 604 4692; x_wconf 85' lang='lat' dir='ltr'><strong>los</strong></span> <span class='ocrx_word' id='word_1_364' title='bbox 622 4635 728 4706; x_wconf 84' lang='lat' dir='ltr'><strong>pietatis</strong></span> <span class='ocrx_word' id='word_1_365' title='bbox 750 4639 824 4688; x_wconf 83' lang='lat' dir='ltr'><strong>actua</strong></span> <span class='ocrx_word' id='word_1_366' title='bbox 851 4631 973 4703; x_wconf 83' lang='lat' dir='ltr'><strong>proxime</strong></span> <span class='ocrx_word' id='word_1_367' title='bbox 982 4630 1060 4701; x_wconf 86' lang='lat' dir='ltr'><strong>gulos</strong></span> <span class='ocrx_word' id='word_1_368' title='bbox 1089 4626 1197 4700; x_wconf 86' lang='lat' dir='ltr'><strong>pietatis</strong></span> <span class='ocrx_word' id='word_1_369' title='bbox 1222 4634 1306 4696; x_wconf 87' lang='lat' dir='ltr'><strong>actus,</strong></span> <span class='ocrx_word' id='word_1_370' title='bbox 1336 4641 1384 4681; x_wconf 84' lang='lat' dir='ltr'><strong>seu</strong></span> 
     </span>
    </p>
   </div>
   <div class='ocr_carea' id='block_1_7' title="bbox 1166 4713 1183 4772">
    <p class='ocr_par' dir='ltr' id='par_1_11' title="bbox 1166 4713 1183 4772">
     <span class='ocr_line' id='line_1_47' title="bbox 1166 4713 1183 4772; baseline 0 0"><span class='ocrx_word' id='word_1_371' title='bbox 1166 4713 1183 4772; x_wconf 80' lang='lat'><strong>3</strong></span> 
     </span>
    </p>
   </div>
   <div class='ocr_carea' id='block_1_8' title="bbox 0 0 1565 5056">
    <p class='ocr_par' dir='ltr' id='par_1_12' title="bbox 0 0 1565 5056">
     <span class='ocr_line' id='line_1_48' title="bbox 0 0 1565 5056; baseline 0 0"><span class='ocrx_word' id='word_1_372' title='bbox 0 0 1565 5056; x_wconf 95' lang='lat' dir='ltr'><strong> </strong></span> 
     </span>
    </p>
   </div>
  </div>
 </body>
</html>
