3084 5056
214 525 342 609 volunt,
366 526 515 615 ejusdem
538 526 661 614 speciei
682 537 715 593 et
736 528 884 594 entitatis
899 530 933 594 in'
950 530 1225 610 omnibusluisse
1241 539 1274 598 et
1289 534 1341 612 iis,
1365 535 1422 622 qui

212 639 510 716 perseveraverunt
526 631 623 706 otiis,
647 631 788 719 quinon
811 644 1118 718 perseveraverunt,
1143 635 1311 702 efficacem
1328 638 1421 703 dum-

211 741 306 798 taxat
321 755 363 799 ex
378 735 486 798 animo
501 733 715 802 Janseniano.

777 885 805 958 a.
824 888 852 942 a.

211 1007 367 1066 Janaanim
377 1006 474 1062 sectae
482 1005 821 1080 praedestinatianorum,
835 1021 908 1078 qnae
917 1022 983 1065 vere
993 1011 1121 1084 amtitit,
1131 986 1357 1073 adnumerandm
1366 1015 1421 1069 est

278 1146 345 1212 Sed
367 1146 402 1210 in
417 1146 607 1212 universum
630 1145 706 1212 libri
722 1169 748 1212 s.
766 1149 943 1235 Augustini
959 1149 1042 1216 male
1057 1151 1216 1218 intellecti
1233 1153 1422 1218 doctrinae·

213 1272 301 1340 quae
323 1249 521 1336 Pelagianae
545 1271 687 1314 exorsus
711 1251 921 1316 occasionem
936 1251 1096 1320 Jansenio
1119 1257 1161 1320 ad
1184 1255 1422 1321 exstruendam

212 1353 397 1420 doctrinam
419 1374 540 1417 novam
564 1353 798 1439 praebuerunt.
843 1355 1015 1444 Pelagius,
1038 1368 1076 1423 ut
1093 1359 1219 1424 arbitrii
1234 1359 1421 1424 libertatem

211 1464 369 1532 tueretur,
393 1477 495 1544 quum
512 1457 637 1542 gratiae
652 1458 884 1522 necessitatem
901 1471 1046 1546 negaret,
1057 1539 1058 1550 χ
1069 1463 1101 1538 ii,
1119 1463 1176 1549 qui
1192 1462 1422 1549 praedestina-

213 1561 295 1626 tiani
325 1559 396 1624 sive
427 1559 664 1645 praedestinati
694 1560 865 1634 dicuntur,
893 1560 1024 1628 haeresi
1052 1573 1280 1651 repugnantes
1310 1585 1423 1629 errore

212 1663 371 1750 opposito
395 1662 549 1728 obstricti
565 1672 653 1741 sunt,
675 1685 775 1750 quum
799 1664 925 1751 gratias
946 1667 1179 1732 necessitatem
1201 1667 1423 1734 defendentes

210 1768 397 1839 libertatem
412 1765 597 1831 voluntatis
613 1774 808 1832 everterent.

275 1870 407 1951 Quibus
429 1869 607 1934 Jansenius
630 1869 899 1934 adnumerandus
922 1877 982 1944 est,
1006 1873 1159 1958 quamvis
1180 1873 1253 1958 ipse
1268 1882 1326 1938 aut
1341 1873 1421 1937 hae·

210 1976 308 2040 resim
334 1972 711 2060 praedestinatianorum
737 1973 885 2039 fictitiam
913 1982 946 2038 et
972 1975 1304 2062 semipelagianorum
1331 1999 1422 2042 oom-

211 2085 356 2143 mentum
387 2077 458 2141 sive
488 2075 571 2140 nihil
600 2075 690 2142 aliud
720 2099 794 2142 esse
825 2077 1025 2154 contendat,
1058 2099 1157 2164 quam
1187 2079 1373 2144 doctrinam
1401 2101 1423 2144 a

212 2205 237 2248 s.
254 2180 447 2268 Augustino
464 2179 506 2244 de
521 2180 627 2266 gratia
642 2189 675 2244 et
698 2181 1006 2266 praedestinatione
1022 2181 1186 2246 invidiose
1203 2183 1244 2246 ab
1261 2181 1327 2246 illis
1343 2204 1421 2269 pro·

212 2285 371 2371 positam3
387 2291 446 2347 aut
459 2282 749 2370 Augustinianum,
766 2285 823 2370 qui
840 2305 865 2348 s.
882 2284 985 2368 patris
1002 2285 1128 2369 scripta
1144 2285 1254 2350 adhuc
1270 2285 1421 2351 nondum

211 2386 382 2453 intellecta
402 2385 490 2450 clare
513 2405 552 2449 ac
577 2384 673 2470 plene
696 2386 912 2471 perspexerit,
937 2408 973 2451 se
983 2387 1152 2473 jactanter
1167 2388 1324 2474 appellet.
1369 2387 1423 2452 Ex

213 2488 534 2577 praedestinatianis,
558 2510 578 2551 a
600 2489 722 2576 quibus
744 2511 812 2554 non
829 2511 940 2568 sensu,
965 2491 1027 2554 etsi
1043 2491 1146 2555 verbo
1164 2501 1272 2566 tenus,
1297 2491 1422 2556 abhor-

213 2603 272 2670 ret,
304 2593 459 2679 profeoto
485 2613 572 2656 unus
598 2603 658 2668 est,
690 2592 854 2668 docendo,
876 2591 1043 2656 hominem
1069 2595 1186 2680 gratia,
1213 2595 1241 2658 si
1268 2595 1423 2680 superior

214 2695 507 2782 concupiscentiae
523 2695 575 2768 sit,
598 2696 786 2760 necessario
803 2695 847 2759 ad
864 2696 985 2760 bonurn
1002 2696 1120 2783 abripi,
1137 2699 1420 2784 eoncupiscentia,

213 2801 241 2866 si
253 2799 442 2865 dominetur
454 2793 592 2885 gratiae,
602 2797 644 2863 ad
656 2797 778 2862 malum
790 2799 1026 2864 invicinbiliter
1037 2799 1141 2864 trahi:
1157 2801 1302 2888 ideoque
1314 2802 1420 2887 impo·
1525 2847 1526 2854 ι

212 2912 335 2970 tentem
360 2923 444 2977 esse,
468 2923 536 2964 non
558 2901 714 2967 absolute
737 2901 880 2982 quidem,
905 2901 965 2966 sad
988 2901 1134 2978 relative,
1158 2926 1264 2968 rerum
1281 2905 1420 2970 circnm-

214 3007 345 3073 stantiis
362 3014 395 3070 et
411 3003 553 3090 subjecti
570 3003 849 3090 dispositionibus
866 3006 1036 3090 spectatis,
1053 3006 1115 3070 rub
1132 3008 1258 3093 gratiae
1274 3005 1420 3072 motione

215 3131 363 3196 peccare,
387 3108 449 3171 sub
467 3107 660 3193 cupiditatis
677 3107 903 3172 dominatione
920 3108 1004 3172 bene
1021 3130 1127 3195 agere.
1172 3110 1290 3197 ltaque
1300 3111 1370 3197 jam
1386 3111 1419 3174 in

214 3236 239 3280 s.
256 3211 435 3299 Augustini
451 3219 484 3275 et
499 3209 625 3297 Pelagii
641 3211 847 3296 temporibus
862 3211 992 3276 radices
1007 3211 1232 3278 danseniticae
1248 3213 1421 3278 doetrinae

212 3317 343 3404 positas
360 3313 594 3399 conspicimus.
640 3313 744 3397 Cujus
765 3325 884 3378 auctor
900 3315 1032 3400 quidem
1048 3317 1176 3390 asserit,
1200 3339 1421 3403 quaecunque

212 3417 525 3508 praedestinatianis
556 3417 804 3493 adscribuntur,
835 3417 971 3502 propria
1000 3440 1025 3482 s.
1057 3419 1234 3505 Augustini
1264 3418 1421 3508 dogmata

213 3545 298 3601 esse,
322 3543 407 3610 quae
429 3520 677 3608 semipelagiani
698 3530 855 3606 tanquam
878 3519 920 3583 ab
942 3520 1017 3606 ipso
1038 3522 1158 3588 tradita
1180 3545 1221 3586 ex
1238 3521 1310 3607 ejus
1326 3523 1420 3588 libris

213 3649 311 3694 exoer
336 3625 448 3691 serint.

276 3649 575 3796 Prpaedestinatiani
597 3749 655 3790 seu
679 3724 914 3811 praedestinati
930 3727 988 3813 qui
1010 3737 1183 3802 vocantur,
1208 3738 1240 3794 et
1256 3728 1421 3815 pelagiani

215 3855 256 3899 ex
282 3833 423 3899 adversa
447 3837 542 3917 parte
569 3838 669 3904 stant,
696 3829 888 3914 oppositum
912 3851 1056 3896 errorem
1073 3839 1333 3918 propugnantes.
1377 3831 1421 3896 Hi
1524 3871 1525 3922 1

213 3935 390 4002 humanam
407 3935 604 4009 libertatem,
621 3931 669 3996 illi
685 3932 822 4019 gratiam
839 3933 986 3998 divinam
1001 3934 1098 3998 nimis
1113 3934 1261 4002 laudant.
1305 3935 1419 4001 Liber·
1524 3953 1525 3994 ι

212 4048 314 4106 tatem
337 4038 463 4104 arbitrii
484 4036 619 4101 humani
636 4035 760 4101 tuendo
777 4035 944 4124 pelagiani
960 4059 1000 4102 eo
1016 4036 1233 4114 devenerunt,
1257 4047 1303 4115 ut,
1320 4039 1420 4125 origi·

213 4144 281 4210 nali
297 4150 436 4232 peccato
452 4162 520 4205 non
538 4137 694 4217 admisse,
711 4141 835 4226 gratiae
847 4139 981 4206 divinae
997 4143 1228 4206 necessitatem
1244 4152 1419 4228 negarent3

213 4249 341 4336 matisc
365 4243 495 4312 divinae
517 4243 750 4310 necessitatem
773 4244 968 4310 extollendo
991 4243 1199 4323 Janseniani,
1221 4244 1297 4310 labe
1320 4245 1419 4332 origi·

215 4352 308 4418 naria
330 4350 479 4425 obtenta,
502 4368 542 4412 eo
564 4349 736 4436 progressi
756 4355 844 4423 sunt,
868 4356 906 4413 ut
926 4348 1060 4414 humani
1085 4349 1212 4414 arbitrii
1234 4348 1419 4414 libertatem

214 4463 382 4542 negarent.
427 4450 581 4518 Liberum
605 4449 749 4516 hominis
771 4451 940 4517 arbitrium
955 4452 1055 4538 juxta
1073 4452 1271 4540 pelagianos
1292 4473 1352 4540 per
1366 4450 1419 4517 dei

214 4558 351 4650 gratiam
376 4553 467 4621 nullo
492 4553 591 4620 modo
615 4555 797 4642 attingitur,
816 4556 915 4641 juxta
930 4554 1255 4640 praedestinatianos
1270 4577 1331 4642 per
1345 4574 1418 4642 gra·
