3054 5058
731 345 752 414 t

562 439 563 446 .
641 437 841 450 mmm...-

132 552 166 618 in
191 551 347 617 Flaudria
370 549 641 638 propagarent¹t
687 550 763 634 lpse
784 551 902 619 librum
931 549 973 614 de
1001 549 1167 637 frequenti
1194 571 1342 614 commu·

133 659 235 722 uiona
261 655 466 742 composuit3
495 655 530 718 in
557 674 625 740 quo
656 653 786 719 edendo
818 662 1003 740 occupatus
1033 653 1208 740 repentina
1238 662 1344 718 morte

132 763 294 847 abreptus
317 781 356 824 ac
379 757 558 844 apoplexia
581 757 749 824 extinctus
774 767 825 822 est
851 779 939 822 anuo
967 756 1067 834 1643,
1092 765 1273 844 postquam
1298 756 1342 821 ob

133 863 385 951 propositiones
398 861 598 938 temerarias,
611 860 763 947 fideique,
780 862 938 936 moribus,
955 869 1047 926 recto
1061 869 1343 926 sacramentorum

131 967 209 1032 usui
232 965 352 1030 noxias
375 972 552 1029 accusatus
569 972 602 1028 et
621 965 654 1028 in
676 987 839 1030 carcerem
861 965 1011 1052 dejectus
1028 985 1116 1029 anno
1135 963 1233 1043 16383
1254 963 1344 1050 regis

130 1079 243 1136 tamen
259 1078 365 1134 morte
379 1069 540 1133 liberatus
560 1076 639 1133 erat.

198 1172 248 1236 Ad
282 1173 355 1258 ejus
388 1171 572 1236 doctrinam
606 1169 847 1236 defendendam
883 1171 1003 1236 doctor
1037 1171 1170 1258 quidam
1204 1173 1344 1237 Annaut

131 1277 253 1340 librum
266 1296 285 1339 a
296 1283 443 1360 quatuor
454 1274 727 1360 archiepiscopis,
744 1275 919 1340 duodecim
936 1275 1105 1361 episcopis
1116 1281 1150 1340 et
1163 1273 1337 1341 duodecim

134 1379 338 1444 Ductoribus
355 1377 552 1443 Serbonicis
568 1379 792 1465 approbatum
807 1379 960 1462 edidit2).
1006 1377 1214 1464 San-Cyrani
1230 1385 1340 1445 autem

133 1483 384 1570 propositiones
399 1481 558 1570 leguntur
572 1483 639 1547 hoc
654 1483 756 1548 modo
772 1485 888 1563 (verbo
906 1488 1034 1566 tenuat:

203 1654 225 1722 1)
244 1651 284 1705 De
301 1651 407 1705 Madrid
424 1652 449 1706 le
466 1655 507 1709 30.
526 1652 558 1706 de
576 1653 723 1706 Decembre
744 1656 817 1712 1628.
837 1671 878 1724 ep.
897 1656 944 1718 633
962 1652 994 1712 1),
1012 1652 1096 1706 Louv.
1113 1653 1138 1706 le
1156 1654 1196 1710 28.
1216 1651 1249 1705 de
1261 1651 1342 1705 Mars

132 1743 208 1797 1631.
223 1757 264 1810 ep.
281 1742 338 1795 102.

198 1827 224 1896 2)
243 1825 366 1896 Epistola
377 1820 474 1880 Jacolii
482 1825 611 1891 Bollandi‚
624 1825 772 1896 Au'tvcrpia
782 1827 822 1882 20.
832 1825 858 1878 N
861 1827 962 1879 oveurb.
974 1829 1049 1883 1643.
1067 1825 1164 1892 „Mitto
1175 1842 1261 1896 pauca
1271 1842 1346 1896 quae

130 1913 193 1966 mihi
207 1913 349 1982 Rotomagi
368 1913 466 1984 scripta
480 1916 518 1969 13.
537 1913 667 1966 Novemb.
687 1913 768 1964 Plura
783 1913 870 1965 bullae
888 1922 980 1965 contra
992 1913 1148 1966 Jauseuinm
1166 1911 1342 1982 exemplaria,

131 2018 183 2052 suo
197 1999 284 2069 sigillo
297 2016 427 2069 manuque
440 1999 546 2070 signata
558 1999 628 2052 misit
640 1999 781 2069 Episcopis
796 1998 879 2052 Gallis
894 1999 1042 2052 Cardlualis
1056 1999 1192 2054 Grimaldi.
1213 1999 1267 2053 Sed
1277 2000 1342 2069 quia

132 2085 208 2138 multi
226 2084 353 2138 dansenio
371 2085 460 2139 favent
478 2086 620 2139 Antistites
640 2094 666 2138 et
685 2084 826 2138 Serbonici
843 2086 970 2140 doctores
988 2087 1179 2151 consultarunt,
1198 2104 1261 2138 num
1283 2103 1342 2139 eam
1388 2087 1390 2091 ’

132 2180 288 2226 tenerentur
304 2172 400 2226 bullam
416 2173 548 2244 recipere:
568 2190 598 2226 ac
616 2172 722 2225 taudem
741 2179 899 2238 statuerunt,
917 2174 979 2226 licet
995 2173 1089 2238 bullae,
1108 2191 1176 2244 quae
1195 2174 1343 2226 doctrinam

132 2259 193 2312 fidei
206 2259 350 2324 continent,
367 2259 448 2330 recipi
462 2259 583 2324 debeant,
600 2260 668 2311 hanc
681 2267 768 2312 tamen
781 2259 862 2331 recipi
875 2279 928 2313 nnn
943 2268 1076 2332 oportere,
1090 2246 1164 2330 qudd
1176 2259 1265 2330 aliqua
1278 2279 1343 2312 con·

115 2346 223 2410 -tiueet,
240 2363 308 2416 quac
326 2343 359 2398 ad
375 2346 511 2417 politicum
532 2354 630 2399 statum
648 2347 793 2416 pertiucut;
814 2364 925 2400 cavero
943 2355 1013 2410 sunt,
1033 2348 1104 2417 quod
1113 2347 1208 2417 jubeat
1220 2346 1341 2418 pontifex

130 2432 250 2486 dausenii
263 2433 434 2504 exemplaria,
453 2433 475 2485 si
489 2432 639 2496 recudatur,
657 2433 809 2501 confiscari;
829 2434 953 2504 quodque
965 2434 1027 2488 velit
1038 2434 1136 2486 bullam
1150 2451 1182 2487 eo
1197 2434 1255 2504 ipso
1269 2434 1341 2504 quod
1428 2477 1430 2484 ,

130 2521 184 2574 lata
201 2521 237 2572 sit
254 2518 364 2584 Romae,
383 2520 486 2572 censeri
502 2520 707 2590 promulgatam,
727 2521 777 2574 etsi
793 2521 935 2574 Antistites
955 2539 1013 2576 earu
1026 2539 1079 2573 non
1092 2521 1241 2592 recipiant.
1263 2520 1341 2574 Multi

129 2625 180 2680 pro
192 2605 321 2659 dansenio
335 2613 385 2660 cet.
397 2615 491 2658 contra
503 2614 631 2678 pugnant.

166 2722 170 2730 ·
199 2693 292 2748 Abhas
311 2691 361 2745 fuit
378 2693 484 2763 quidam
503 2694 530 2744 lu
547 2693 635 2745 Gallia
653 2692 906 2758 Commendalarius,
926 2693 959 2746 de
976 2693 1003 2746 S.
1024 2693 1111 2758 Siren,
1130 2692 1258 2746 Jauseuio
1279 2693 1340 2746 dum

130 2779 237 2845 viveret,
256 2780 445 2832 amicissimus:
463 2782 486 2832 is
506 2781 540 2833 ob
559 2779 757 2852 propositiones
777 2779 906 2850 quasdam
926 2780 1081 2832 temerarias
1099 2781 1250 2850 noxiasque
1268 2779 1339 2845 fidei,

131 2865 208 2918 bonis
220 2867 347 2932 moribus,
365 2873 438 2919 recto
451 2867 511 2920 usui
525 2876 759 2930 sacramentorum,
776 2869 829 2923 hd.
847 2866 922 2919 aunis
936 2865 1074 2936 conjectus
1087 2867 1114 2920 in
1134 2883 1268 2920 carcerem
1280 2865 1340 2931 luit,

131 2953 180 3006 sed
198 2971 214 3005 a
230 2963 315 3006 morte
333 2953 405 3024 regis
421 2954 558 3020 liberatae,
576 2973 667 3008 verum
684 2962 745 3007 aute
757 2957 782 3010 4.
797 2961 842 3007 aut
853 2955 877 3010 5.
896 2953 1078 3007 hebdomades
1096 2953 1240 3025 apoplexia
1252 2953 1340 3006 extin-

130 3047 198 3094 ctus.
232 3042 262 3094 In
276 3039 396 3094 favorem
408 3041 543 3095 doctrinae
562 3041 620 3112 ejus
632 3043 725 3095 librum
739 3040 819 3094 edidit
830 3040 857 3092 in
868 3041 901 3096 40
912 3039 1014 3092 Doctor
1027 3039 1133 3110 quidam
1146 3041 1263 3105 Annaut,
1277 3056 1336 3096 cum

129 3127 323 3198 approbatione
340 3131 365 3183 4.
384 3127 653 3200 archiepiscoporum,
678 3133 718 3186 12.
737 3128 925 3198 episcoporum
945 3133 972 3180 et
995 3126 1105 3180 totidem
1130 3125 1339 3180 Sorbonicornm

130 3213 279 3268 doctorum.
314 3213 409 3267 Nostri
432 3216 504 3286 quod
527 3214 647 3268 viderent
664 3214 752 3268 multis
771 3215 848 3267 bouis
868 3213 1010 3283 (acubusl')
1031 3213 1167 3282 animabus
1185 3213 1294 3266 noxium
1313 3219 1341 3266 et

130 3300 328 3365 scandalosuru,
347 3301 500 3367 effecerunt,
519 3309 548 3355 ut
565 3319 614 3373 per
633 3301 855 3354 Concionatorem
874 3300 969 3353 domus
994 3300 1140 3353 Professae
1164 3297 1248 3352 tribus
1272 3317 1338 3370 qua-

130 3394 224 3440 tuorve
243 3387 415 3440 concionibus
434 3387 602 3441 refutaretur.
646 3388 764 3460 Pupugit
781 3405 814 3442 ea
831 3405 876 3442 res
890 3386 1025 3441 Censores
1043 3388 1103 3440 illos
1121 3387 1289 3458 Episcopos3
1309 3395 1337 3441 et

131 3480 262 3526 conventu
279 3473 368 3526 habito
384 3481 549 3539 statuerunt,
569 3474 603 3526 ad
622 3491 651 3527 se
670 3474 751 3528 citare
770 3474 993 3529 Concionatoreru
1011 3475 1083 3528 illurn
1110 3482 1137 3526 et
1154 3476 1178 3530 3.
1197 3473 1337 3528 domorum

130 3577 242 3614 unarum
259 3559 426 3631 Superiores.
463 3561 518 3614 Scd
542 3561 603 3631 quia
620 3579 668 3614 nec
686 3561 794 3634 Regina,
819 3580 868 3616 nec
886 3561 1062 3615 Aurelaneusi
1083 3559 1159 3625 Duci,
1180 3577 1229 3613 nec
1255 3561 1338 3616 Come

311 3677 312 3680 =
412 3663 444 3699 ea
455 3648 585 3718 probatur
598 3648 725 3713 doctriua,
738 3649 800 3702 nihil
813 3649 940 3702 hactenus
955 3648 1107 3702 effecerunt.
1131 3644 1224 3700 Solum
1235 3649 1337 3702 minan·

132 3739 174 3785 tur
197 3732 339 3786 effecturos
364 3748 394 3785 se
414 3742 444 3787 ut
463 3733 490 3786 iu
511 3733 567 3786 suis
592 3734 759 3789 dioecesibus
782 3767 816 3776 —
839 3752 924 3806 neque
948 3735 1137 3788 concionentur
1160 3751 1246 3805 neque
1272 3735 1338 3786 alias

132 3819 231 3873 Soctu.
243 3818 392 3872 functiones
598 3820 704 3874 obeant.
744 3863 746 3867 ,
1125 3887 1128 3893 Ι

199 3905 273 3958 Haec
286 3905 395 3958 Parisiis
405 3904 547 3976 Rotomagi
561 3923 590 3958 ec
602 3907 747 3961 Novemhr.
760 3907 916 3960 Advocatus
928 3924 1017 3961 coram
1027 3905 1196 3960 Parlamento
1207 3923 1338 3977 perorans

131 4009 188 4045 cum
202 3993 280 4045 etiam
293 3991 326 4045 de
339 3991 425 4064 gratia
439 3992 577 4063 splendide
590 3994 720 4063 quaedam
733 3994 852 4059 dixisset,
866 3995 954 4064 coepit
966 3993 1120 4046 Jausenium
1133 3993 1204 4046 miris
1215 3992 1338 4047 laudibus

105 4108 106 4112 =
131 4079 267 4133 extollere.
305 4076 372 4131 Cum
394 4079 515 4144 dixisset,
538 4081 654 4134 surrexit
676 4085 838 4135 Procurator
856 4081 1004 4144 Generalis,
1023 4086 1057 4145 et,
1071 4079 1145 4146 Cum,
1170 4079 1261 4150 inquit,
1279 4097 1338 4133 meo

130 4167 235 4220 nomine
254 4166 342 4238 (noce)
360 4165 402 4220 hic
420 4167 564 4237 peroravit,
584 4168 668 4222 debeo
687 4169 759 4240 quod
777 4168 809 4222 de
826 4168 954 4220 danscuio
968 4167 1041 4232 dixit,
1059 4166 1196 4232 refellere3
1216 4173 1259 4221 est
1271 4167 1339 4222 enlm

130 4260 223 4306 auctor
236 4253 412 4322 perniciosus,
426 4261 452 4306 et
463 4255 649 4308 scandalosam
662 4256 743 4310 tradit
755 4255 909 4308 doctrinam.

197 4338 258 4392 ΝΒ.“
271 4356 288 4390 a
303 4338 328 4392 d.
340 4337 505 4394 Cancellario
518 4341 584 4394 hoce
597 4343 668 4414 regis
681 4343 834 4396 mandatum
844 4341 942 4412 accepi,
955 4347 985 4394 ut
997 4340 1055 4412 ejus
1064 4339 1122 4393 libri
1131 4339 1335 4412 impressionem

130 4425 170 4478 bic
189 4434 311 4497 coeptam
330 4425 481 4480 inhiberem.
518 4427 665 4483 Conantem
681 4431 723 4483 bis
742 4438 815 4484 terve
835 4428 976 4500 interloqui
994 4430 1162 4483 Advocatum
1174 4427 1245 4482 illum
1253 4428 1338 4499 jussit

129 4511 208 4567 silere
219 4530 274 4567 non
286 4511 382 4584 insigni
394 4513 513 4567 inllmies.

198 4599 368 4671 Autwerpiae
380 4603 421 4656 20.
434 4600 461 4652 N
464 4602 565 4654 ovemb.
580 4605 653 4658 1643.
1008 4603 1126 4656 Joannes
1135 4601 1309 4660 noirandusr‘
