3084 5056
647 317 848 421 *ea-

138 522 220 588 tiam
238 521 325 586 omni
340 521 442 588 modo
458 523 653 590 devincitur.
699 523 838 613 Utrique
855 527 987 592 sectarii
1001 526 1085 594 illud
1100 527 1246 594 Anselmi
1265 527 1350 594 Can·

137 626 319 691 tuariensis
333 647 403 691 nou
419 639 667 715 cognoverunt:
691 629 804 705 „Haec
821 631 926 717 prima
942 631 986 696 sit
1000 632 1203 718 agendorum
1219 631 1350 720 regula:

139 730 197 795 Sic
218 728 283 794 deo
305 729 379 807 fide,
403 733 499 817 quasi
510 754 621 796 rerum
638 754 816 798 successus
833 734 939 798 omnis
956 757 975 799 a
990 743 1035 818 te,
1056 735 1138 800 nihil
1154 757 1174 799 a
1189 735 1253 800 deo
1270 757 1350 822 pen·

138 833 250 909 deret3
272 832 318 898 ita
333 842 442 898 tamen
464 835 512 900 eis
529 856 662 921 operam
679 857 807 901 omnem
824 837 974 915 admove,
991 837 1087 924 quasi
1103 847 1140 904 tu
1157 838 1249 917 nihil,
1266 838 1350 906 deus

138 937 252 1002 omnia
268 936 362 1002 solus
378 937 422 1002 sit
437 937 587 1005 facturus
599 933 658 1020 ι).’“
1085 941 1087 946 ’

204 1040 383 1107 Jansenius
410 1050 604 1108 constanter
625 1052 734 1130 negat,
758 1065 794 1107 se
817 1042 1131 1128 praedestinatianis
1156 1043 1348 1108 adscriben-

137 1144 219 1210 dum
234 1167 318 1221 esse,
331 1144 397 1208 imo
409 1154 519 1231 negat,
536 1145 636 1210 ullam
650 1167 796 1234 unquam
809 1145 995 1211 doctrinam
1010 1147 1349 1232 praedestinatianam

136 1249 325 1326 exstitisse,
355 1260 393 1313 ut
431 1247 612 1314 haereseos
649 1250 809 1314 maculam
840 1249 947 1335 ipsius
978 1249 1174 1336 disciplinae
1203 1251 1348 1316 inustam

133 1353 330 1438 reprimeret
360 1353 605 1428 contendend0,
629 1352 824 1418 calumniam
849 1375 922 1417 esse
946 1352 1131 1418 doctrinam
1154 1353 1195 1419 de
1218 1353 1348 1419 haeresi

136 1456 445 1542 praedestinatiana
475 1465 658 1532 exaratam,
695 1457 736 1521 ab
765 1456 905 1520 inimicis
936 1455 1060 1544 gratiae
1089 1456 1131 1520 ad
1162 1456 1348 1522 doctrinam

134 1559 413 1646 Augustinianam
444 1559 529 1624 circa
553 1559 690 1646 gratiam
715 1558 978 1624 obnubilandum
1000 1559 1216 1640 inventam²>.
1275 1562 1346 1636 ast,

133 1662 251 1749 negari
272 1683 340 1726 non
363 1669 487 1748 potest,
508 1663 885 1748 praedestinatianorum
909 1683 1037 1728 errores
1059 1685 1135 1728 vere
1151 1671 1347 1736 excoctosa

134 1765 338 1854 quibusdam
354 1765 545 1830 homiuibus
560 1787 668 1831 rerum
684 1788 845 1831 novarum
862 1766 992 1852 cupidis
1009 1788 1082 1832 esse
1099 1766 1188 1832 etad
1205 1766 1345 1852 primor-

134 1868 191 1933 dia
214 1868 374 1933 ecclesiae
396 1867 466 1934 fere
495 1876 597 1955 atque
625 1870 719 1935 initia
741 1871 944 1955 attingentes
972 1868 1103 1934 radices
1133 1869 1344 1955 protendere.

135 1970 285 2036 Fuerunt
306 1971 460 2058 profecto
482 1971 560 2037 inde
576 1973 617 2036 ab
640 1993 727 2036 anno
743 1974 827 2048 415,
843 1973 926 2055 424,
942 1972 1025 2049 427,
1043 1973 1100 2059 qui
1115 1973 1198 2037 male
1215 1994 1253 2038 ac
1269 1995 1344 2058 per·

138 2095 233 2139 verse
254 2075 295 2140 de
318 2075 371 2140 dei
392 2075 508 2163 gratia,
532 2074 574 2140 de
594 2075 700 2141 libero
722 2075 866 2141 hominis
889 2075 1035 2151 arbitrio,
1059 2075 1100 2141 de
1115 2074 1344 2162 praedestina·

139 2177 240 2242 tionis
260 2179 420 2266 mysterio
443 2179 613 2245 sentirent.
632 2225 635 2230 -
657 2178 710 2246 Ex
734 2179 828 2245 libris
856 2201 882 2245 s.
906 2179 1083 2267 Augustini
1105 2201 1177 2244 cum
1205 2179 1342 2267 Pelagio

139 2280 279 2369 ejusque
298 2280 475 2367 discipulis
496 2281 623 2358 luctati,
647 2303 689 2348 ex
708 2282 793 2348 locis
810 2283 970 2348 librorum
986 2283 1126 2348 istorum
1142 2283 1227 2348 male
1242 2282 1341 2349 intel·

134 2381 231 2449 lectis
256 2392 357 2473 atque
386 2384 527 2450 detortis
556 2406 681 2472 pravus
708 2385 843 2474 quidam
866 2407 959 2452 error
981 2393 1080 2451 natus
1104 2408 1177 2452 esse
1201 2385 1341 2454 videtur.

133 2487 244 2568 Quum
264 2510 290 2554 s.
313 2496 409 2576 pater
429 2488 471 2554 de
485 2498 613 2572 natura,
637 2491 846 2568 necessitate,
863 2489 1012 2555 efficacia
1027 2489 1160 2576 gratiae,
1178 2489 1340 2556 delibero

130 2591 278 2657 hominis
300 2593 448 2670 arbitrio,
472 2593 514 2658 de
534 2594 681 2680 gratuito
703 2593 1018 2680 praedestinationis
1039 2594 1217 2685 proposito
1235 2593 1340 2660 disse·

128 2704 229 2772 reret,
246 2696 280 2760 in
292 2695 404 2762 Africa
415 2695 569 2762 monachi
581 2697 770 2783 complures
781 2695 998 2771 Adrumetini,
1014 2696 1183 2783 inquibus
1199 2699 1338 2763 maxime

126 2799 262 2872 Florus,
284 2799 442 2865 Valentio
465 2800 586 2864 abbate
607 2800 813 2887 praeposito,
838 2821 925 2864 anno
948 2800 1079 2864 circiter
1098 2799 1181 2876 424,
1208 2801 1289 2866 rixis
1305 2802 1339 2868 in

126 2905 336 2970 monasterio
368 2913 401 2969 et
429 2904 536 2969 turbis
567 2903 702 2988 exortis,
733 2903 918 2968 doctrinam
948 2923 972 2967 s.
997 2903 1111 2988 patris,
1143 2925 1239 2990 quam
1270 2925 1336 2970 non

125 3007 222 3072 clare
239 3007 497 3094 perspiciebant,
518 3029 675 3093 perverse
692 3006 966 3092 explanaverunt,
988 3006 1059 3070 sive
1075 3027 1115 3072 eo
1132 3007 1223 3093 quod
1240 3009 1337 3073 semi·

73 3125 75 3130 '
125 3111 381 3199 pelagianorum
403 3132 532 3176 errores
554 3118 646 3177 recto
669 3110 723 3176 vel
744 3109 830 3174 falso
853 3108 965 3176 studio
982 3129 1022 3174 ac
1038 3109 1138 3175 modo
1156 3112 1336 3176 concinna·

124 3227 184 3281 tos
201 3224 234 3280 et
249 3215 481 3281 accusationes
498 3214 746 3302 calumniasque
762 3223 881 3279 contra
896 3213 1080 3278 doctrinam
1096 3215 1335 3302 Augustianam

128 3317 293 3384 conflatas
317 3327 350 3383 ct
363 3317 449 3383 latas
465 3317 507 3382 ad
524 3339 549 3386 s.
565 3325 690 3404 patrem
707 3317 875 3384 deferrent
881 3339 890 3396 ;
912 3317 984 3382 sive
1000 3317 1093 3404 quod
1108 3318 1171 3404 ipsi
1188 3329 1335 3386 errantes

125 3421 378 3498 arbitrarentur,
402 3444 428 3490 s.
452 3421 673 3510 augustinum
698 3420 837 3487 liberum
861 3420 1004 3486 hominis
1026 3421 1061 3485 in
1084 3430 1174 3486 statu
1198 3430 1335 3488 naturae

124 3525 244 3612 lapsae
267 3526 419 3614 degentis
442 3525 612 3591 arbitrium
636 3546 774 3612 prorsus
797 3524 958 3590 evertisse
981 3534 1014 3590 et
1036 3524 1084 3590 sic
1105 3525 1171 3612 ipsi
1194 3528 1333 3614 gratiam

125 3627 185 3694 dei
201 3629 425 3707 defenderent,
442 3637 479 3694 ut
491 3628 635 3695 hominis
650 3628 788 3696 liberum
806 3627 976 3694 arbitrium
993 3638 1152 3715 negarent
1168 3639 1201 3695 et
1217 3630 1330 3696 duram

122 3732 465 3820 praedestinationem
488 3741 749 3820 propugnarent,
774 3753 815 3796 ex
831 3755 898 3818 qua
913 3733 1008 3818 sequi
1025 3731 1209 3808 videbatur,
1234 3733 1330 3800 deum

120 3836 167 3902 ab
190 3846 326 3903 aeterno
348 3837 498 3902 actiones
519 3835 689 3902 hominum
711 3845 779 3903 tum
802 3835 909 3900 bonas
932 3845 1001 3900 tum
1023 3835 1125 3900 malas
1147 3838 1331 3904 inevitabili

119 3941 326 4006 necessitate
354 3939 635 4015 determinavisse‚
661 3948 762 4030 atque
786 3939 958 4025 improbos
985 3939 1027 4004 ad
1053 3949 1235 4026 peccatum,
1259 3943 1332 4007 cul*

119 4065 209 4131 pam,
232 4043 396 4110 infernum
422 4042 779 4134 praedestinavisse³)3
803 4043 874 4108 sive
898 4043 989 4129 qnod
1012 4043 1123 4129 stipsi
1140 4043 1259 4110 similia
1276 4043 1329 4112 vel

195 4302 218 4371 ¹)
236 4300 350 4354 dohann.
369 4301 464 4371 Alsog‚
478 4297 772 4371 Universalgeschichte
789 4296 837 4353 der
849 4295 1014 4354 christliclren
1026 4295 1133 4365 llirchc,
1150 4297 1239 4356 Mainr.
1254 4299 1328 4372 1844,

121 4391 144 4444 1.
159 4387 209 4442 ΤΙι.
224 4388 251 4444 S.
267 4391 326 4444 272.
363 4389 387 4457 2)
405 4388 480 4444 dans.
494 4395 530 4441 to.
545 4391 568 4444 1.
582 4388 598 4440 l.
612 4391 635 4444 6.
649 4405 670 4440 c.
684 4389 725 4445 23.
738 4387 809 4458 apud
822 4386 993 4441 Tourirelium
1013 4399 1039 4442 ct
1052 4389 1091 4444 lle
1105 4389 1229 4462 Champs.

190 4477 215 4545 ³)
234 4475 290 4528 Jac.
315 4475 501 4541 lluttrnstoclr,
523 4475 702 4529 institutiones
723 4475 851 4528 historiae
878 4474 1075 4531 ecclesiast-icae
1095 4475 1128 4534 N.
1147 4477 1180 4536 T.
1200 4485 1263 4534 torn.
1281 4475 1324 4548 11,

121 4562 239 4617 Viennae
260 4566 333 4622 1832.
