3050 5046
638 263 838 362 Q

133 487 198 550 per
218 465 404 554 generalem
425 465 527 553 hujus
553 464 712 530 influxum
744 489 858 531 omnes
880 466 970 530 illius
1000 467 1149 532 actiones
1176 467 1207 531 in
1232 489 1267 532 se
1290 467 1339 532 in-

133 568 292 634 ficiantur
315 578 348 634 et
364 577 631 656 corrumpantur;
655 578 713 634 ant
729 591 831 655 opera
847 571 965 648 omnia,
990 593 1074 657 quac
1091 579 1166 636 ante
1175 569 1340 657 justifica-

134 672 260 736 tionem
287 672 380 750 fiunt,
405 694 615 760 quacumque
638 673 767 738 ratione
793 673 883 748 fiant,
914 675 981 738 sint
1009 682 1163 759 pcccata3
1187 673 1285 759 quasi
1307 674 1341 736 in

135 776 291 839 omnibus
321 777 391 840 suis
426 777 557 840 actibus
588 785 747 861 peccator
782 777 906 840 serviat
935 777 1119 841 dominanti
1149 776 1340 861 cupiditati;

133 877 222 942 falsa
245 879 441 963 perniciosa,
464 877 627 943 inducens
642 879 675 942 in
692 902 836 944 errorem
851 903 871 943 a
884 879 1081 945 Tridentino
1099 879 1286 944 damnatum
1302 887 1341 942 ut

133 982 346 1059 haereticum,
369 983 486 1047 iterum
507 983 542 1045 in
562 982 645 1068 Bajo
668 983 855 1047 damnatum
879 992 938 1050 art.
962 984 1034 1050 40.“
1057 986 1130 1066 (art.
1154 983 1204 1046 40.
1226 983 1339 1068 Bajan.

132 1085 201 1149 hoc
218 1085 317 1150 modo
334 1087 569 1150 concinnatur:
596 1083 634 1148 Iu
657 1087 810 1151 omnibus
834 1086 903 1150 suis
919 1086 1049 1150 actibus
1065 1093 1223 1171 peccator
1238 1085 1340 1150 servit

134 1188 318 1253 dominanti
337 1189 525 1274 cupiditati)
538 1187 574 1268 ¹).

707 1373 781 1428 ‚m

553 1373 918 1544 systemalsmscniticum.

201 1613 271 1678 Jam
295 1634 374 1678 vero
392 1613 432 1677 de
455 1613 607 1680 doctrina
621 1615 833 1690 Janseniana,
858 1614 1034 1701 praecipue
1050 1613 1198 1700 quinque
1215 1633 1340 1697 propo-

135 1717 314 1781 sitionibus
327 1717 537 1796 concinnata,
553 1721 740 1784 accuratius
756 1718 966 1804 explananda
978 1716 1171 1781 disserturis
1182 1737 1338 1780 necessa·

132 1819 215 1884 rium
242 1820 375 1884 videtur
401 1843 484 1898 esse,
512 1823 705 1908 disquirere,
732 1845 817 1910 quac
841 1823 989 1908 ipsorum
1011 1819 1274 1884 Jansenistarum
1298 1816 1339 1882 de

133 1944 235 1988 causa
258 1925 423 1988 sententia
445 1923 554 1992 fuerit.
600 1925 770 1991 Nonnulla
787 1931 855 2012 jam
878 1934 976 1989 antea
997 1923 1086 1988 dicta
1100 1923 1135 1986 in
1149 1921 1337 1986 memoriam

132 2047 291 2090 revocare
307 2027 406 2092 licet(

199 2128 355 2216 Quinque
376 2131 626 2216 propositiones
648 2152 749 2217 quum
772 2151 859 2192 anno
885 2127 974 2192 1649.
996 2127 1050 2191 die
1072 2128 1099 2194 1.
1120 2126 1199 2192 Julii
1221 2125 1337 2192 aCor-

132 2239 212 2297 neto
243 2231 383 2296 doctore
413 2234 456 2298 ad
486 2233 679 2298 facultatem
707 2231 932 2317 theologicam
960 2230 1180 2296 Parisicnsem
1209 2230 1339 2295 delatae

134 2343 256 2414 essent,
283 2335 393 2400 statim
416 2335 612 2400 Janseniani·
638 2336 814 2423 conquesti
838 2342 926 2409 suut,
957 2334 1049 2422 quod
1072 2332 1184 2410 verba,
1215 2333 1338 2420 quibus

131 2439 383 2524 propositiones
407 2441 626 2504 concinnatae
648 2440 802 2519 fuissent,
826 2439 980 2525 ambigua
1001 2447 1034 2502 et
1056 2439 1200 2502 obscura
1215 2445 1337 2512 essent,

131 2541 174 2606 ad
188 2541 345 2614 invidiam
368 2542 539 2606 doctrinae
562 2566 605 2608 ss.
627 2543 804 2629 Augustini
827 2553 860 2606 et
876 2541 1026 2605 Thomae
1043 2542 1239 2626 composita,
1262 2561 1337 2604 sen·

132 2667 190 2708 sus
221 2644 373 2709 diversos
403 2645 618 2710 admittentia.
678 2645 800 2709 Verum
838 2645 940 2708 verba
968 2644 1041 2716 illa,
1074 2642 1139 2708 fide
1169 2652 1337 2729 excerpta,

130 2756 288 2812 accurate
309 2757 481 2832 concepta,
505 2771 524 2811 a
545 2748 780 2812 defensoribus
803 2747 885 2811 satis
908 2748 1051 2834 cognita,
1075 2769 1095 2810 a
1116 2745 1335 2810 Pontificibus

131 2849 288 2937 religiose
315 2849 358 2914 ad
381 2871 515 2914 sensum
535 2851 684 2916 Jansenii
706 2851 869 2930 restricta,
897 2861 985 2914 certe
1008 2850 1051 2914 ad
1071 2849 1200 2913 libitum
1222 2859 1254 2912 et
1274 2869 1335 2933 pro
1417 2889 1421 2894 «

131 2951 309 3018 commodo
333 2974 395 3018 sno
418 2954 624 3040 interpretati
648 2954 689 3018 ad
713 2977 831 3018 sensus
855 2953 982 3018 alienos
1006 2952 1233 3028 detorserunt,
1260 2972 1335 3014 sen-

130 3079 203 3120 sum
229 3065 338 3120 tamen
363 3055 599 3122 Jansenisuum
625 3058 657 3122 in
685 3057 801 3120 animis
828 3055 984 3122 confessi.
1028 3055 1202 3141 Duplicem
1226 3063 1335 3118 autem

129 3160 289 3246 imprimis
316 3182 448 3224 sensum
476 3161 743 3246 propositionum
768 3182 847 3229 esse,
865 3160 1118 3234 contenderunt,
1147 3158 1275 3223 Caluini
1302 3169 1335 3222 et

130 3261 313 3350 Augustini
343 3285 402 3326 seu
436 3263 600 3342 Jansenii3
638 3285 838 3350 quamquam
869 3271 946 3326 ante
983 3261 1255 3326 constitutionem
1292 3262 1333 3324 ab

129 3365 327 3430 Innocentio
357 3366 400 3431 X.
429 3367 608 3432 exhibitam
639 3369 726 3432 iuter
754 3389 789 3431 se
820 3366 1005 3432 concordes
1031 3388 1099 3429 non
1126 3373 1229 3440 erant,
1260 3375 1335 3430 uter

133 3491 242 3546 verus,
272 3491 448 3555 germanus
478 3480 511 3535 ct
539 3458 705 3557 legitimus
732 3477 830 3549 esset,
861 3492 961 3555 quum
989 3469 1044 3532 alii
1070 3469 1177 3532 solum
1206 3467 1335 3532 Calvini

131 3595 275 3647 sensum,
294 3573 347 3636 alii
364 3574 550 3659 Augustini,
566 3573 601 3637 id
617 3584 676 3650 est,
693 3573 818 3659 gratiae
834 3595 873 3636 ex
891 3596 927 3636 se
944 3571 1088 3636 efficacis
1102 3571 1333 3652 demoniacae,

130 3697 262 3740 sensum
292 3677 440 3740 strictum
469 3689 502 3741 et
526 3677 724 3764 rigorosum,
755 3675 810 3740 alii
832 3686 1010 3762 utrumque
1033 3697 1177 3752 sensum,
1207 3674 1334 3738 scilicet

131 3801 254 3854 verum,
277 3801 477 3864 germanum,
499 3780 689 3866 legitimum,
712 3787 813 3866 atque
835 3780 996 3855 strictum,
1018 3779 1204 3864 rigorosum
1222 3779 1332 3843 verbis

130 3904 312 3970 congruum
329 3904 402 3947 esse
417 3891 611 3948 assererent.
645 3883 804 3948 Examina
820 3882 1033 3947 articulorum
1046 3882 1170 3946 Romae
1182 3880 1333 3962 durante,

129 3984 281 4072 deputati
305 3984 510 4065 Jansenitici,
541 3987 628 4050 sicut
656 3997 689 4050 et
714 3984 867 4050 nonnulli
897 3985 1048 4072 theologi
1074 4007 1115 4049 ex
1146 3983 1332 4062 catholicis

130 4111 263 4155 sensum
281 4089 467 4176 Augustini,
488 4089 522 4154 id
540 4098 600 4171 est,
617 4090 741 4177 gratiae
758 4112 777 4152 a
791 4112 827 4154 se
843 4089 987 4155 efficacis
1003 4091 1035 4153 in
1052 4095 1160 4153 mente
1174 4086 1331 4170 Janscnii,

128 4293 328 4304 ——-..--.—..-

200 4411 221 4482 ¹)
240 4410 398 4482 Drnzinger,
422 4409 535 4478 Euchir,
554 4413 757 4484 Propositiones
777 4415 818 4471 85.
832 4413 934 4486 synodi
953 4413 1128 4468 dioecesanae
1147 4412 1331 4480 Pistoclerus,

129 4494 268 4552 danuratac
281 4515 296 4549 a
309 4498 356 4551 Pio
369 4497 416 4550 Vl.
429 4515 478 4570 per
490 4500 705 4553 constitutionem
719 4502 881 4566 „Auctorem
895 4501 971 4556 fider
984 4503 1024 4558 28.
1039 4503 1107 4572 Aug.
1123 4503 1197 4557 1794.
