3050 5046
705 323 764 388 135

631 410 742 420 -—--.-
765 413 832 420 ..ι-.-

185 524 385 604 Quesnelus
412 525 531 590 deinde
558 525 645 590 hano
672 525 855 591 doctrinam
875 526 1004 590 recoxit
1024 525 1058 590 in
1079 548 1189 613 prop:
1223 526 1333 608 „Quid

121 627 209 692 aliud
232 638 388 692 remanet
409 629 550 703 animae,
573 650 659 715 quae
680 629 785 693 Deum
807 639 908 715 atque
928 629 1034 714 ipsius
1056 630 1195 716 gratiam
1215 631 1333 706 amisit,

120 732 180 794 nisi
203 740 400 816 peccatum,
424 741 457 796 ct
475 733 604 818 peccati
621 731 893 806 consecutiones,
916 732 1061 817 superba
1081 741 1278 818 paupertas,
1301 746 1335 798 et

117 835 232 920 segnis
257 835 459 921 indigentia,
482 835 549 900 hoc
571 845 622 900 est
642 835 806 922 generalis
830 834 1025 922 impotentia
1047 834 1089 902 ad
1104 834 1267 914 laborem,
1292 837 1333 901 ad

36 1015 38 1026 .
115 938 319 1012 orationem,
343 937 439 1002 etad
462 958 558 1002 omne
579 959 665 1022 opus
688 936 870 1012 bonum?;“
899 959 996 1023 prop.
1020 937 1084 1002 ll.:
1109 937 1245 1014 „Gratia
1265 961 1334 1004 non

117 1053 170 1104 est
185 1040 298 1115 alind,
322 1062 421 1126 quam
436 1040 595 1106 voluntas
612 1040 850 1124 omnipotentis
866 1039 928 1102 Dei
938 1039 1100 1126 jubentia,
1123 1049 1156 1106 et
1170 1040 1335 1120 facientia,

34 1185 35 1190 κ
117 1143 213 1228 quod
245 1144 381 1229 jubet;“
410 1165 507 1230 prop.
532 1143 594 1208 12.:
626 1141 769 1222 „Qando
800 1142 892 1207 Deus
921 1141 995 1206 vult
1023 1142 1152 1208 salvare
1182 1145 1334 1220 animum,

118 1269 342 1333 quocumque
376 1256 541 1332 tempore,
579 1267 792 1333 quocumque
827 1245 906 1309 loco
937 1245 1075 1310 effectus
1104 1246 1335 1312 indubitabilis

118 1351 281 1436 sequitur
302 1349 508 1414 voluntatem
529 1348 629 1424 Dei;“
659 1370 754 1433 prop.
781 1348 845 1412 la:
869 1345 1035 1426 „Quando
1057 1349 1148 1413 Deus
1169 1349 1243 1414 vult
1264 1351 1334 1414 ani·

118 1474 202 1518 mam
228 1452 360 1516 salvam
381 1451 505 1527 facere,
535 1461 569 1516 et
589 1473 659 1516 eam
681 1451 787 1536 tangit
806 1451 956 1516 interiori
979 1453 1102 1536 grafiae
1125 1474 1205 1517 suae
1225 1475 1335 1530 mann,

117 1556 214 1620 nulla
247 1555 408 1620 voluntas
438 1555 583 1620 humana
612 1556 641 1620 ei
671 1555 833 1632 resistit;“
869 1575 967 1640 prop.
990 1553 1057 1620 21.:
1093 1555 1229 1634 „Gratia
1253 1556 1335 1622 Jesu

119 1658 250 1723 Christi
274 1668 326 1724 est
346 1659 452 1745 gratia
472 1659 586 1734 fortis,
614 1668 753 1744 potens,
783 1678 951 1742 suprema,
975 1658 1193 1733 invincibilis,
1216 1668 1336 1744 utpote

119 1783 209 1846 quae
232 1771 295 1826 et
308 1763 458 1848 operatio
482 1761 666 1826 volontatis
695 1760 949 1845 omnipotentis,
979 1761 1117 1846 sequela
1138 1769 1171 1826 ct
1194 1761 1335 1828 imitatio

121 1865 336 1949 operationis
372 1864 434 1928 Dei
466 1865 673 1930 incarnantis
710 1873 744 1928 et
779 1863 1010 1928 resuscitantis
1046 1849 1175 1928 Filium‘
1201 1855 1336 1940 suum;“

122 1988 220 2052 prop.
245 1967 313 2032 27.:
341 1967 462 2044 „Fides
489 1977 540 2032 est
565 1968 672 2053 prima
698 1967 818 2054 gratia,
842 1973 876 2030 et
894 1965 973 2030 fons
995 1969 1139 2031 omnium
1161 1967 1335 2042 aliarum;“

121 2091 220 2156 prop.
240 2069 306 2134 30.:
330 2069 491 2145 „Omnem
515 2093 602 2156 quos
625 2069 716 2133 Deus
737 2068 811 2133 vult
831 2068 960 2133 salvare
983 2091 1043 2154 per
1062 2069 1245 2144 Christum,
1268 2071 1335 2135 sal·

119 2183 250 2238 vantur
264 2172 521 2248 infallibiliter;“
544 2195 641 2260 prop.
658 2173 724 2242 35.:
740 2171 877 2247 „Gratia
892 2171 1007 2236 Adami
1024 2181 1076 2236 est
1090 2173 1229 2266 sequela
1244 2195 1335 2238 crea·

120 2276 244 2348 tionis,
279 2284 312 2340 et
341 2286 411 2340 erat
440 2275 553 2340 debita
582 2285 720 2340 naturae
749 2296 849 2339 sanae
877 2285 909 2340 et
934 2276 1120 2361 integrae;“
1154 2275 1333 2362 prop.38.:

120 2379 312 2452 „Peccator
331 2400 399 2442 non
422 2387 474 2444 est
493 2379 592 2456 liber,
615 2380 679 2444 nisi
701 2378 743 2442 ad
764 2378 900 2455 malum,
924 2379 952 2444 si
973 2380 1077 2468 gratia
1091 2379 1335 2457 Liberatoris;“

120 2503 223 2568 prop.
241 2481 308 2547 39.:
339 2481 543 2557 „Voluntas‚
567 2505 668 2569 quam
690 2484 796 2568 gratia
817 2505 886 2547 non
910 2484 1100 2568 praevenit,
1123 2483 1208 2553 nihil
1232 2482 1337 2550 habet

119 2583 261 2650 luminis
282 2585 345 2648 nisi
368 2584 411 2650 ad
433 2586 669 2664 aberrandum3
692 2585 821 2650 ardoris
842 2585 907 2649 nisi
923 2585 967 2650 ad
982 2607 1018 2650 se
1033 2586 1334 2672 praecipitandum:

121 2689 246 2753 virium
261 2688 326 2752 nisi
341 2688 383 2753 ad
399 2711 435 2753 se
450 2687 707 2753 vulnerandum:
732 2697 784 2752 est
799 2709 906 2773 capax
921 2689 1027 2754 omnis
1043 2689 1129 2766 mali,
1146 2699 1179 2756 et
1193 2691 1336 2777 incapax

122 2792 167 2856 ad
183 2813 285 2856 omne
300 2791 492 2875 bonum¹).“

187 2894 401 2959 Jansenistae
428 2893 641 2979 profitentur,
669 2900 738 2956 tum
765 2892 893 2978 angelis
919 2900 988 2957 tum
1014 2892 1140 2958 homini
1165 2893 1335 2959 innocenti

125 2997 268 3084 gratiam
296 3019 388 3071 vere,
423 3019 462 3062 ac
491 3018 569 3062 vere
598 2994 817 3080 sufficientem
843 2995 998 3060 collatam
1023 2995 1138 3061 fuisse.
1181 2997 1335 3062 Attamen

126 3101 267 3186 gratiam
284 3122 326 3164 ex
341 3100 563 3166 delectatione
585 3099 749 3184 superiori
765 3098 904 3163 coelesti
918 3100 984 3162 vim
1000 3109 1033 3164 et
1048 3099 1226 3164 efficaciam
1241 3121 1336 3186 repe·

127 3213 254 3268 tentem
277 3212 309 3268 et
330 3204 475 3268 hominis
496 3203 702 3268 voluntatem
724 3201 766 3265 ad
788 3201 902 3266 divina
921 3223 990 3266 non
1007 3201 1115 3266 solum
1130 3201 1336 3290 dirigentem,

127 3329 243 3372 verum
274 3308 371 3371 etiam
400 3308 589 3372 necessario
626 3315 660 3370 et
687 3303 965 3370 indeclinabiliter
992 3303 1177 3369 trahentem
1206 3305 1338 3390 parenti

128 3409 336 3494 primordiali
365 3409 586 3495 adscripsisse
615 3408 696 3472 mihi
724 3407 895 3483 videntum
930 3405 1086 3472 docuisse
1115 3429 1174 3472 eos
1205 3429 1337 3489 censeo,

129 3512 218 3576 hanc
240 3511 495 3577 delectationem
517 3534 625 3576 rerum
647 3509 858 3590 coelestium,
881 3511 990 3589 nulla,
1013 3535 1055 3575 ne
1076 3511 1245 3576 levissima
1261 3512 1335 3598 qui·

131 3615 205 3680 dem
228 3615 407 3680 carnalium
425 3615 607 3700 cupiditate
622 3613 809 3693 resistente,
832 3613 947 3678 Adami
964 3615 1073 3678 animo
1089 3614 1229 3680 infuisse
1244 3637 1338 3680 eum-

131 3740 197 3804 que
219 3739 356 3803 prorsus
378 3717 583 3803 perfudisse,
605 3717 812 3782 voluntatem
833 3724 958 3791 autem,
980 3717 1195 3782 firmissimam
1216 3739 1255 3781 ac
1276 3738 1337 3802 po-

130 3821 359 3897 tentissimam,
375 3822 437 3886 etsi
448 3821 639 3885 necessario
653 3827 866 3906 protractam,
879 3831 989 3884 tamen
1001 3820 1104 3884 libere
1117 3821 1338 3907 obsequntem

131 3925 359 4000 consensisse3
388 3925 436 3988 ita
465 3924 663 3988 suavitatem
693 3923 888 3999 coelestem,
912 3945 997 4010 quae
1024 3923 1191 3988 voluntati
1215 3945 1252 3988 se
1278 3923 1337 3988 ad·

125 4028 312 4115 junxisset,
335 4027 495 4092 addeum
518 4027 694 4092 amandum
716 4035 749 4092 et
769 4027 894 4091 bonum
914 4026 1090 4112 quodlibet
1111 4027 1289 4092 volendum
1305 4035 1340 4092 et

131 4129 380 4217 exsequendum
407 4130 568 4194 Adamum
592 4131 759 4217 integrum
784 4130 929 4195 movisse
951 4139 983 4194 et
1005 4128 1151 4194 duxisse.
1195 4129 1288 4194 Haec
1309 4129 1338 4193 si

131 4235 177 4299 ita
199 4234 277 4310 sint,
299 4252 367 4298 non
383 4233 533 4320 intelligo
550 4233 693 4320 quidem,
716 4233 888 4319 quomodo
910 4232 981 4298 fieri
996 4234 1155 4319 potuerit,
1176 4243 1214 4298 ut
1235 4233 1337 4298 homo

133 4439 333 4450 -.---·

205 4557 227 4626 ¹)
246 4554 404 4626 Denzinger,
423 4555 439 4610 l.
454 4574 485 4620 c„
503 4554 547 4608 ubi
559 4555 643 4628 plura.
