3050 5046
743 267 803 338 132

165 475 326 548 creatoris
340 477 492 544 inimicus
502 476 639 542 ellectu·
656 483 716 548 est,
732 475 907 542 amicitiam
923 474 985 552 dei,
1001 474 1214 562 adoptionem
1230 472 1374 540 filiorum

164 582 400 647 haereditatem
416 580 586 646 coelorum
602 579 720 656 amisit,
743 601 873 666 poenae
895 587 1048 644 aeternae
1063 601 1099 646 se
1115 577 1253 655 addixit,
1274 578 1374 642 habi·

163 686 257 752 litate
272 685 315 750 ad
331 705 434 771 opera
448 682 714 770 supernaturalia
728 681 919 768 peragenda
941 704 976 746 se
991 682 1144 768 privavit.
1174 679 1374 747 Elevatione

163 789 207 855 ad
223 797 344 854 statum
357 786 642 874 supernaturalem
660 785 804 872 dempta,
821 785 942 870 amisso
957 785 1144 850 sanctitatis
1160 793 1260 872 atque
1274 785 1373 872 justi-

163 895 230 958 tiae
252 892 360 970 douo,
382 890 561 956 facultates
581 901 614 954 et
634 889 748 967 dotes,
772 889 896 976 quibus
919 888 1020 952 homo
1042 889 1180 974 insuper
1198 888 1372 975 praeditus

163 1005 249 1073 erat,
278 992 471 1060 debilitatae
497 1001 530 1057 et
556 1000 732 1078 corruptae
754 1001 848 1076 sunt,
875 991 1013 1056 liberum
1035 991 1179 1056 hominis
1200 991 1369 1058 arbitrium

162 1098 290 1162 viribus
312 1104 518 1162 attenuatum
538 1094 800 1181 inclinatumque
822 1106 881 1160 est.
936 1094 1124 1159 Obscurata
1144 1095 1298 1171 scientia,
1319 1095 1370 1158 in·

163 1201 311 1267 firmatus
333 1199 523 1266 intellectus
548 1208 599 1264 est
621 1199 781 1263 naturalis
804 1209 836 1263 et
859 1198 1123 1284 supernaturalis
1139 1197 1300 1284 pristinae
1315 1198 1371 1262 isti

163 1304 280 1369 beatae
296 1303 388 1368 Adae
410 1302 594 1369 conditioni
616 1302 823 1388 adaequatus
845 1312 879 1366 et
895 1315 1150 1375 consentaneus,
1173 1323 1242 1390 quo
1258 1300 1371 1378 home,

164 1429 183 1472 a
199 1407 262 1472 deo
280 1406 410 1482 doctus,
434 1417 467 1470 ct
482 1406 607 1470 doctor
623 1404 792 1469 homiuum
808 1404 1064 1490 animaliumque
1080 1410 1235 1480 statutus,
1259 1403 1372 1469 adres

162 1509 331 1575 naturales
353 1520 386 1574 et
407 1508 678 1594 supernaturales
695 1507 954 1594 perspiciendas,
978 1506 1021 1571 ad
1037 1519 1215 1593 praecepta
1224 1507 1372 1594 juraque

163 1621 301 1678 naturae
332 1623 365 1677 et
394 1613 519 1700 gratiae
549 1611 875 1698 comprehendenda,
909 1610 951 1675 ad
979 1619 1070 1675 recta
1099 1619 1200 1698 atque
1226 1611 1371 1676 honesta

162 1716 389 1802 intelligenda,
412 1715 454 1780 ad
476 1715 633 1779 mandata
655 1735 694 1780 ac
715 1725 854 1800 peccata
869 1713 1114 1799 cognoscenda,
1139 1714 1180 1778 ad
1197 1715 1286 1778 bona
1301 1723 1371 1779 tum

163 1819 303 1884 moralia
324 1828 393 1883 tum
417 1817 683 1904 supernaturalia
704 1816 934 1902 amplectenda
955 1815 1141 1882 illustratus
1165 1825 1235 1881 erat
1251 1827 1284 1882 et
1300 1839 1371 1882 mo·

162 1931 228 1987 tus.
272 1921 393 2007 Lapsis
416 1921 634 2007 intelligentia
656 1919 829 1985 debilitata
850 1929 917 1996 est,
939 1930 977 1984 ut
998 1919 1041 1984 ad
1061 1941 1171 1984 veram
1193 1930 1226 1984 et
1248 1930 1371 1985 certam

163 2025 388 2113 cognitionem
418 2024 459 2088 dc
488 2024 566 2097 dec,
601 2024 642 2089 de
658 2024 854 2089 veritatibus
877 2023 1089 2101 necessariis,
1113 2023 1153 2087 de
1170 2022 1289 2088 officiis
1313 2046 1369 2086 ex-

163 2126 345 2214 sequendis
370 2127 537 2212 perveniri
563 2149 631 2192 non
656 2127 776 2212 possit.
822 2123 1018 2191 Voluntatis
1045 2135 1136 2190 recta
1162 2135 1195 2190 et
1221 2125 1372 2212 perfecta

163 2231 340 2306 ordinatio,
364 2251 404 2294 ex
421 2253 488 2316 qua
508 2231 593 2294 ratio
610 2229 684 2305 deo,
707 2229 829 2294 rationi
842 2250 923 2293 caro
940 2228 1092 2315 subjecta
1107 2237 1186 2304 erat,
1210 2229 1371 2294 voluntas

163 2334 272 2398 animo
301 2332 524 2408 subdebatur,
553 2355 594 2397 ex
621 2354 689 2418 qua
715 2331 835 2397 deinde
862 2353 930 2416 pax
957 2339 990 2395 et
1015 2331 1241 2418 tranquillitas
1268 2333 1369 2397 inter·

162 2436 304 2502 cedebat
327 2436 414 2500 inter
439 2435 536 2499 animi
564 2435 768 2521 etcorporis
789 2433 970 2511 desideria,
1000 2457 1172 2520 perversa,
1201 2435 1369 2510 voluntas,

162 2549 261 2603 antea
282 2537 383 2604 nullis
407 2539 519 2624 pravis
541 2537 731 2614 affectibus,
755 2537 856 2602 nullis
878 2538 986 2624 impiis
1009 2539 1169 2614 motibus,
1193 2538 1295 2602 nullis
1311 2540 1369 2602 im·

161 2641 278 2728 probis
300 2641 582 2727 concupiscentiis
604 2641 720 2704 vitiata
742 2650 775 2704 et
796 2641 937 2728 agitata,
960 2662 1042 2704 sana
1061 2642 1176 2727 potius
1199 2651 1232 2707 et
1252 2664 1369 2727 super·

162 2743 304 2810 naturali
333 2745 402 2808 vita
427 2766 488 2829 per
509 2744 750 2808 inhabitantem
771 2744 922 2829 spiritum
945 2746 1102 2818 animata,
1132 2767 1191 2831 per
1212 2745 1369 2810 delictum

162 2847 320 2924 sauciata,
342 2847 505 2911 infirmata
526 2859 585 2912 est.
631 2850 737 2938 Antea
757 2847 858 2910 homo
875 2868 943 2910 non
958 2869 1086 2932 pronus
1102 2855 1172 2912 erat
1192 2848 1234 2912 ad
1250 2870 1369 2934 pecca·

161 2960 247 3026 tum,
277 2971 346 3014 non
372 2949 520 3014 infirmus
547 2950 588 3014 ad
615 2950 757 3026 bonum,
785 2972 854 3014 non
881 2951 1049 3015 erroribus
1077 2951 1276 3031 obstrictus,
1298 2973 1369 3016 non

162 3053 402 3140 cupiditatibus
418 3051 618 3138 implicatus,
640 3074 709 3117 non
725 3053 878 3117 turbatus
894 3053 1182 3139 concupiscentia3
1206 3076 1283 3118 caro
1299 3075 1369 3119 non

162 3156 424 3242 concupiscebat
439 3156 601 3220 adversus
618 3156 780 3240 spiritum,
804 3157 941 3242 spiritus
957 3178 1024 3232 non
1041 3157 1202 3222 adversus
1219 3179 1367 3226 carnem:

162 3270 233 3325 erat
253 3259 355 3324 homo
371 3259 502 3345 justus,
526 3269 678 3340 sanctus,
702 3259 851 3344 sapiens,
874 3259 1053 3345 perfectus.
1097 3259 1209 3326 Homo
1225 3271 1367 3347 peccato

161 3362 355 3428 debilitatus
377 3383 445 3426 non
465 3361 530 3427 nisi
547 3385 619 3426 cum
636 3361 752 3426 labore
769 3372 801 3427 et
817 3362 1014 3428 difficultate
1030 3365 1182 3429 virtutem
1199 3374 1366 3449 operatur,

161 3475 336 3553 peccatum
361 3467 461 3544 vitat3
495 3465 671 3553 diligenter
696 3467 787 3530 bona
811 3467 921 3530 inania
947 3467 1092 3553 quaerit,
1121 3489 1199 3531 vera
1225 3467 1368 3535 libenter

161 3569 318 3655 negligit;
341 3577 440 3656 atque
464 3590 594 3654 semper
615 3571 649 3633 in
672 3589 712 3633 co
729 3576 789 3645 est,
812 3577 850 3634 ut
872 3591 946 3634 cum
962 3571 1234 3657 concupiscentia
1250 3581 1367 3635 contra

160 3672 300 3738 rationis
316 3671 494 3736 dictamina
508 3671 738 3757 potentissime
754 3682 953 3759 exsurgente
966 3680 998 3738 et
1010 3673 1200 3738 dominante
1212 3672 1366 3738 luctetur.

159 3774 314 3863 Denique
327 3774 517 3852 dominium,
530 3795 598 3863 quo
613 3774 714 3839 homo
726 3775 827 3840 rebus
840 3775 959 3840 creatis
971 3775 1163 3862 imperabat,
1176 3775 1366 3862 ademptum

160 3885 262 3964 atque
286 3898 410 3964 corpus
432 3879 531 3943 morti
554 3884 587 3943 et
608 3878 733 3942 morbis
757 3887 790 3943 et
811 3878 950 3944 miseriis
966 3879 1133 3945 addictum
1149 3887 1211 3945 est.
1254 3877 1364 3944 Homo

161 3979 284 4045 delicto
306 3980 421 4067 lapsus
443 3982 491 4046 ita
506 3981 816 4067 supernaturalibus
832 3982 931 4046 donis
947 3982 1111 4068 spoliatus
1128 3991 1187 4060 est,
1211 3983 1364 4048 vnlnera-

160 4092 215 4150 tus
230 4105 311 4150 vero
334 4084 554 4162 naturalibus,
576 4085 624 4149 ita
644 4093 681 4148 ut
701 4084 785 4148 nihil
807 4106 930 4163 eorum,
954 4106 1039 4172 quae
1055 4086 1098 4151 ad
1114 4087 1291 4151 essentiam
1306 4108 1364 4150 na·

160 4195 253 4252 turae
269 4207 350 4252 suae
364 4186 528 4252 humanae
545 4188 747 4273 pertineant,
771 4188 930 4264 amiserit,
953 4187 1126 4254 retinuerit
1141 4190 1252 4275 potius
1269 4189 1363 4254 indo-

160 4288 223 4353 lem
240 4289 434 4354 rationalem
451 4298 484 4355 et
498 4289 665 4371 moralem,
689 4291 759 4355 sive
774 4290 913 4356 liberum
929 4291 1109 4357 arbitrium.
1132 4292 1251 4357 Potest
1265 4293 1364 4380 igitur

159 4392 284 4476 gratiae
321 4392 477 4458 excitanti
513 4400 614 4480 atque
643 4393 780 4459 vocanti
809 4394 1022 4459 assentiendo
1052 4395 1106 4460 vel
1135 4393 1361 4461 dissentiendo

158 4490 262 4558 libere
288 4515 401 4581 agere,
429 4502 625 4582 potestant
651 4498 824 4584 cooperari
847 4505 993 4565 autnon
1020 4499 1202 4585 cooperari.
1247 4499 1363 4565 Potest
