3050 5046
639 327 840 427 „a-

125 529 260 596 Dabam
276 530 394 595 ultimo
411 531 545 617 Aprilis,
562 553 651 597 anno
671 531 760 597 1653.

197 634 414 698 Annectimus
430 634 508 698 huic
527 634 729 721 praefationi

326 735 516 824 „Excerpta
531 761 571 804 ex
588 739 740 802 oratione
762 734 804 798 de
820 734 930 798 Causa
943 733 1157 810 Jansenitica‚

395 880 399 897 ι
431 838 562 906 adoan.
578 841 727 905 Henrioo
744 837 837 903 Ottio
854 835 1048 924 Tigurino.“

197 939 342 1006 Primum
358 942 471 1029 itaque
488 943 581 1029 quod
598 953 738 1030 spectat.
774 940 883 1025 Caput
898 939 1112 1018 Schismatis3
1129 941 1346 1006 discessionis

127 1041 213 1108 dico
240 1065 261 1107 a
283 1045 401 1128 putida
427 1046 596 1112 Romanae
620 1045 790 1112 Ecclesiae
814 1043 953 1107 Haeresi
976 1051 1077 1130 atque
1100 1044 1347 1130 Antesignanus

126 1145 200 1211 fuit
230 1146 405 1212 Cornelius
430 1148 637 1225 Janssenius,
670 1147 805 1214 Ordinis
831 1146 1211 1211 Praemonstratensium
1241 1146 1347 1233 Ypris

127 1249 329 1335 Episcopus
351 1250 605 1328 famosissimus,
630 1274 665 1317 er
685 1249 825 1316 Lovanii
848 1249 1017 1335 quondam
1039 1249 1248 1337 Theologiae
1264 1250 1347 1314 Pro·

129 1351 248 1417 sessor
269 1351 521 1420 Celeberrimos.
566 1356 616 1420 Ab
639 1355 706 1421 boc
729 1353 772 1418 ob
795 1374 885 1416 nova
905 1351 1071 1439 dogmata,
1095 1362 1198 1438 prout
1213 1352 1348 1440 quidem

130 1455 251 1541 Papae
279 1456 454 1543 mancipia,
485 1457 681 1523 Haereticae
710 1456 887 1543 pravitatis
914 1455 1141 1543 inquisitores,
1173 1479 1246 1521 cum
1276 1459 1349 1523 tota

130 1558 339 1624 Jesuitarum
363 1561 518 1636 colluvie,
548 1561 714 1626 invidiose
737 1568 838 1646 atque
860 1559 1036 1640 malitiose,
1061 1561 1292 1637 criminantur3
1316 1569 1349 1626 et

134 1661 232 1748 quod
258 1663 438 1728 modernae
459 1663 631 1728 Romanae
654 1663 825 1728 Ecclesiae
848 1661 1053 1742 Doctrinam‚
1080 1662 1146 1727 hoo
1169 1673 1229 1740 est,
1252 1663 1349 1729 Pela·

134 1765 334 1851 gianismum
362 1767 559 1854 impugnare
588 1766 748 1843 intendat,
780 1766 992 1830 occasionem
1021 1766 1064 1830 ad
1094 1767 1274 1843 mendacia,
1305 1767 1349 1833 ad

133 1867 284 1944 fraudes,
300 1868 342 1934 ad
359 1870 521 1945 convicia,
539 1869 722 1945 maledicta,
739 1869 933 1954 opprobria,
953 1869 1099 1954 publice,
1121 1851 1349 1956 atque'priva

135 1971 206 2047 tim,
223 1991 281 2036 ore
297 1983 330 2036 et
345 1973 471 2058 scripto
488 1973 689 2059 objiciendo,
705 1972 860 2037 idoneam
876 1972 986 2036 datam
1003 1972 1066 2035 sibi
1082 1973 1295 2052 arbitrantur.

137 2073 264 2164 Verum
294 2074 371 2140 dum
398 2073 628 2142 vehementius
654 2075 699 2152 id,
727 2097 827 2162 quam
850 2075 979 2140 cautius
1003 2085 1115 2162 agunt,
1143 2077 1351 2160 Augustinus

139 2175 316 2254 Janssenii‚
338 2178 426 2243 vires
442 2180 621 2266 acquisivit
640 2178 761 2255 eundo,
786 2179 939 2266 talesque
956 2178 1008 2243 dei
1025 2179 1131 2265 gratia
1146 2201 1349 2266 progressus

142 2279 234 2358 facit,
268 2290 309 2347 ut
342 2281 497 2370 plerique
537 2282 648 2370 palam
678 2283 788 2347 bonae
829 2303 952 2346 causae
982 2281 1156 2369 suffragari
1192 2284 1349 2369 ceperint.

138 2382 259 2471 Bajani
280 2385 366 2449 idem
382 2383 594 2452 Jansenistae
609 2386 759 2462 audiunt,
782 2383 982 2450 bMicbable
996 2383 1087 2462 Baio,
1111 2386 1208 2473 cujus
1224 2407 1350 2474 propo·

140 2488 284 2552 sitiones
307 2510 519 2576 causamque,
542 2489 749 2564 Janssenius,
773 2487 977 2553 authoritate
997 2496 1103 2564 autea,
1128 2498 1162 2554 et
1181 2490 1214 2554 vi
1235 2491 1350 2576 potius

137 2613 241 2677 quam
266 2592 405 2656 veritate
427 2603 460 2657 et
482 2594 684 2680 argumentis
707 2613 914 2678 oppressam,
937 2591 1071 2656 fortiter
1085 2599 1186 2678 atque
1202 2593 1350 2659 animose

136 2693 333 2760 vindicavit.
379 2695 478 2760 Hunc
498 2695 710 2760 Janssenium
733 2694 819 2773 dico,
841 2694 1049 2779 Episcopum
1065 2702 1167 2780 atque
1181 2695 1350 2761 Athletam

135 2797 369 2875 fortissimum,
393 2821 468 2864 cum
490 2798 710 2886 suffraganeis
734 2799 816 2884 ejus,
841 2806 973 2884 praeter
993 2797 1142 2862 Jesuitas
1165 2798 1350 2865 audacissi-

137 2921 225 2976 mos,
254 2900 412 2966 cucullati
439 2902 536 2966 etiam
563 2901 776 2966 tenebriones
802 2901 957 2966 allatrare
984 2911 1085 2988 atque
1115 2899 1255 2978 adoriri,
1280 2925 1350 2968 non

136 3003 276 3090 quidem
294 3005 462 3068 rationum
484 3005 599 3082 armis,
623 3004 683 3069 sed
703 3003 908 3070 factionibus
931 3013 1010 3068 sunt
1033 3003 1123 3077 ausit
1148 2991 1289 3070 eundem
1312 3013 1351 3071 nt

136 3121 174 3171 et
200 3106 365 3182 asseclas,
389 3109 567 3193 sectarios,
590 3107 820 3184 Lutheranos‚
845 3107 1075 3185 Calvinianos,
1099 3105 1244 3173 Gnesios
1267 3111 1349 3196 (quo

136 3210 274 3296 quidem
290 3211 423 3275 nomine
439 3213 545 3276 nostri
561 3213 595 3276 in
611 3211 726 3299 Belgio
744 3209 915 3297 proscindi
931 3209 1056 3293 solent)
1072 3209 1278 3296 appellitant.
1295 3259 1305 3280 .
1321 3259 1349 3277 ..

134 3317 184 3379 At
206 3335 302 3378 nemo
327 3323 473 3378 vestrum
498 3337 589 3390 esse,
613 3315 666 3380 cui
689 3335 811 3379 nornen
834 3312 916 3388 hoc,
940 3313 1176 3378 inusitatumve
1196 3313 1351 3380 videatur

137 3416 285 3492 confido,
302 3417 330 3480 si
346 3415 562 3503 perpendatis
579 3417 691 3495 modo,
708 3426 794 3504 quot
808 3423 842 3481 et
856 3437 955 3503 quam
971 3415 1052 3493 dira,
1069 3415 1147 3480 inde
1163 3417 1204 3480 ab
1220 3417 1350 3503 impura

139 3519 270 3606 origine
292 3541 353 3584 sna
376 3519 410 3584 hi
426 3519 601 3586 Locolitae
621 3522 655 3585 in
677 3541 741 3585 nos
757 3528 964 3606 nostrosque
980 3519 1176 3590 eructarint;
1200 3519 1285 3586 tales
1300 3521 1350 3586 la·

136 3633 267 3688 trentes
284 3645 384 3688 canes
398 3622 610 3688 Jansseuitae
626 3633 812 3688 senserunt.
829 3673 837 3689 .
855 3673 861 3689 .
880 3673 887 3688 .

204 3725 334 3792 Tantos
351 3737 470 3803 autem,
493 3750 535 3793 ex
550 3727 710 3814 singulari
726 3727 871 3791 numinis
887 3724 1131 3803 benedictione,
1148 3746 1349 3812 progressus

136 3829 220 3895 fecit
247 3829 513 3909 Janssenismns,
546 3841 584 3895 nt
613 3853 722 3918 neque
754 3830 850 3915 pauci
880 3829 948 3894 sint
978 3851 1018 3892 ex
1047 3834 1193 3915 utroque
1223 3829 1349 3906 ordine,

137 3955 249 4020 neque
272 3957 312 3998 ex
335 3934 457 4021 Belgis,
474 3933 591 4010 Gallis,
614 3943 716 4021 atque
732 3933 826 3999 Italis
849 3932 1018 4019 postremi,
1041 3931 1099 4018 qui
1115 3929 1183 4018 quia
1198 3953 1265 4013 ore,
1282 3931 1349 4020 quai

137 4038 277 4122 scripto,
297 4037 386 4101 illius
409 4037 625 4102 subscribant
645 4037 840 4101 sententiae.
891 4034 992 4114 Quod
1013 4055 1112 4120 quam
1135 4033 1272 4100 evidens
1293 4037 1348 4113 sit,

136 4140 272 4204 Illustre
294 4140 496 4224 Amplissimi
516 4139 589 4204 Viri
612 4139 753 4204 Gilberti
775 4138 957 4224 Manguini‚
973 4137 1068 4224 Regii
1083 4137 1117 4201 in
1134 4137 1243 4202 Gallia
1259 4138 1347 4204 Con·

136 4243 250 4318 silarii,
278 4254 312 4308 et
337 4243 370 4307 in
398 4244 561 4329 Suprema
585 4242 796 4307 Monetarum
823 4241 923 4306 Curia
948 4239 1116 4304 Praesidio
1144 4239 1346 4318 Doctissimi‚

137 4345 334 4432 exemplum,
356 4346 455 4412 fidem
475 4345 685 4412 abundanter
699 4345 794 4425 facit,
812 4344 870 4430 qui
885 4343 1029 4408 Duobus
1044 4343 1143 4408 tomis
1159 4343 1346 4422 distinctas,

137 4472 200 4514 nee
234 4450 306 4514 sine
342 4449 473 4536 aliquot
508 4448 770 4515 Serbonicorum
805 4446 947 4512 solemni
975 4446 1236 4533 approbatione,
1266 4470 1346 4513 suas

136 4553 471 4631 Praedestinationis,
502 4561 536 4620 et
566 4552 707 4620 Graciae
728 4549 913 4629 Vindicias,
945 4550 1063 4637 plenas
1093 4551 1202 4618 bonae
1227 4551 1349 4640 frugis,¹

1126 4653 1142 4710 7
