3050 5046
631 355 831 456 „ra-

126 558 371 624 Christianum:
398 561 475 646 quia
501 563 565 647 jam
592 559 726 638 multos,
755 567 793 624 ut
820 559 941 637 audivi,
972 559 1131 626 seductos
1162 557 1271 632 babet,
1301 567 1334 624 et

125 663 236 727 minus
260 661 405 728 devotos
428 685 505 751 erga
528 685 620 728 suam
643 663 794 743 salutem,
817 663 874 749 qui
896 661 1025 728 dicunt:
1051 662 1139 744 Quid
1160 661 1238 727 mihi
1256 681 1332 748 pro·

125 764 214 830 derit
238 765 393 831 laborare
415 767 449 831 in
472 768 609 832 servitio
640 767 699 832 Dei
707 766 723 830 P
747 766 824 852 qnia
848 764 875 828 si
900 765 1168 851 praedestinatus
1192 787 1265 830 sum
1288 764 1331 829 ad

125 877 276 945 mortem,
299 891 476 958 numquam
493 871 581 935 illam
599 869 752 935 evadam:
776 871 803 932 si
820 878 929 934 autem
950 869 1034 936 male
1057 892 1166 957 egero,
1190 880 1222 935 et
1238 891 1333 956 prae-

125 972 315 1037 destinatus
345 995 416 1036 sum
447 973 488 1038 ad
520 975 630 1049 vitam,
662 973 733 1037 sine
763 971 830 1038 ulla
861 972 1069 1038 dubitatione
1099 973 1140 1038 ad
1168 982 1334 1039 aeternam

123 1076 274 1162 requiem
297 1075 454 1155 vado¹).“
1094 1162 1096 1166 Ι
1207 1091 1219 1129 t

192 1178 393 1243 Hincmarus
408 1179 605 1244 Rhemensis
622 1199 754 1242 causan}
779 1178 1018 1244 Gotbescalchi
1035 1179 1076 1244 ad
1093 1179 1226 1244 comitia
1242 1179 1337 1244 Cari-s

124 1283 218 1346 siaca
240 1304 328 1346 anno
351 1281 435 1361 849,
460 1283 581 1348 Carolo
606 1281 710 1346 Calvo
734 1283 936 1348 Francorum
958 1303 1036 1370 rege
1054 1283 1195 1370 jubente
1218 1281 1340 1348 habita*

124 1386 261 1451 detulit:
285 1386 435 1472 episcopi
457 1385 500 1451 ad
516 1385 681 1471 synodum
702 1387 736 1451 in
751 1385 877 1472 palatio
901 1385 1068 1451 Caririaco
1086 1386 1193 1450 coacti
1209 1385 1333 1451 doctri·

125 1511 201 1554 narn
232 1489 387 1555 monachi
416 1498 454 1554 ut
482 1489 680 1554 haereticam
711 1489 961 1564 damnaverunt,
991 1489 1098 1576 ipsura
1125 1488 1275 1554 auditum
1302 1500 1335 1556 et

124 1593 348 1658 examinatum
364 1591 609 1657 inobedientem
626 1603 727 1680 atque
742 1594 943 1680 pertinacem
956 1591 1220 1670 declaraverunt,
1231 1591 1332 1679 juxta

122 1695 273 1784 regulam
301 1717 327 1762 s.
355 1695 524 1761 Benedicti
551 1696 681 1762 bonore
706 1695 906 1761 sacerdotali
930 1696 1022 1772 exui,
1045 1695 1148 1782 virgis
1171 1695 1274 1771 caedi,
1298 1695 1332 1761 in

124 1821 290 1866 carcerem
318 1800 516 1886 perpetuum
544 1801 665 1886 conjici
685 1800 869 1888 jusserunt.
920 1800 1120 1864 Hincmarus
1150 1799 1333 1885 episcopus

124 1913 159 1968 et
169 1900 360 1967 Halduinus
373 1902 479 1967 abbas
492 1903 692 1980 monasterii,
706 1904 758 1968 cui
772 1923 890 1968 nomen
904 1901 1061 1968 Altavilla
1074 1901 1332 1988 (Hautvilliers)‚

126 2027 196 2092 qno
218 2004 489 2070 Gotheschalcus
510 2006 661 2072 inclusus
678 2017 756 2086 erat,
781 2009 1009 2092 permiserunt,
1032 2015 1070 2069 ut
1086 2005 1238 2091 captivus
1255 2027 1333 2092 pro·

127 2106 305 2173 sessionem
321 2107 398 2173 fidei
415 2131 495 2173 suae
517 2109 640 2188 ederet,
663 2109 691 2172 si
706 2108 793 2174 forte
808 2109 1029 2194 resipisceret,
1047 2117 1080 2172 et
1101 2108 1143 2174 ad
1165 2109 1329 2173 saniorem

129 2221 266 2274 ruentem
281 2222 471 2288 revocatus,
489 2211 658 2277 erroribus
675 2211 861 2298 expeditus,
879 2233 920 2276 ex
936 2233 1067 2276 carcere
1083 2211 1249 2287 dimissus,
1269 2211 1333 2276 rei·

128 2312 281 2399 publicae
304 2315 434 2379 restitui
458 2326 583 2401 posset.
630 2314 743 2380 Edidit
763 2314 847 2379 duas
863 2313 1091 2401 professiones
1109 2313 1332 2380 Gotheschal·

124 2438 195 2494 cue,
222 2417 407 2482 breviorem
437 2418 584 2494 alteram,
613 2417 748 2487 alteram
772 2417 995 2504 prolixiorem,
1022 2427 1198 2505 utramque
1220 2418 1332 2482 verbis

123 2520 300 2606 ambiguis,
324 2519 472 2599 detortiS,
496 2522 616 2586 astutis
639 2523 805 2608 scriptam,
828 2523 874 2586 ita
894 2531 933 2596 ut
953 2522 986 2586 iu
1008 2521 1111 2586 dubio
1127 2521 1331 2608 relinquere·

122 2633 289 2698 tunnam
316 2623 656 2710 praedestinationem
682 2625 714 2688 in
739 2625 892 2710 reprobis
916 2623 959 2690 ad
981 2624 1087 2690 solam
1111 2645 1263 2710 poenam,
1290 2645 1331 2689 an

121 2748 205 2791 vero
233 2727 330 2791 etiarn
358 2726 401 2792 ad
430 2726 560 2813 culpam
589 2727 750 2793 docuerit.
796 2727 1018 2804 „Maximunr“
1041 2727 1150 2816 inquit
1170 2728 1204 2792 in
1228 2728 1333 2792 altera

121 2829 347 2916 professione,
370 2829 448 2907 „diu
465 2840 635 2918 noctuque
651 2829 782 2916 perfero
800 2851 993 2907 moerorem,
1009 2829 1100 2918 quod
1117 2840 1256 2918 propter
1270 2832 1333 2897 mei

121 2934 269 2998 nominis
298 2933 458 2999 vilitatem
489 2933 585 2998 vilem
617 2933 808 2999 hominibus
837 2934 937 2999 video
967 2955 1042 3000 esse
1071 2936 1333 3005 veritatem.

121 3036 257 3104 Utinam
276 3036 423 3122 placeret
438 3037 498 3101 tibi
515 3037 644 3121 (Dens),
666 3045 704 3102 ut
718 3038 805 3102 sicut
819 3037 854 3101 in
870 3046 902 3102 te
918 3037 1018 3103 oredo
1036 3045 1069 3103 et
1084 3059 1183 3124 spero
1201 3089 1207 3103 .
1224 3087 1232 3103 .
1250 3090 1256 3105 .
1275 3089 1281 3103 .
1299 3038 1334 3105 id

125 3140 348 3226 approbarem
383 3140 595 3206 cernentibus
632 3141 762 3206 cunctis
798 3141 947 3205 examine
977 3140 1260 3220 (Gottesurtheil),
1297 3150 1335 3208 ut

126 3243 283 3308 videlicet
308 3249 455 3330 quatuor
480 3242 580 3308 doliis
603 3265 671 3308 uno
695 3254 774 3329 post
795 3265 897 3308 unum
920 3244 1041 3330 positis
1065 3254 1165 3332 atque
1187 3244 1330 3311 ferventi

126 3346 297 3434 sigillatim
326 3345 463 3426 repletis
492 3367 590 3433 aqua,
627 3347 703 3411 oleo
735 3347 850 3434 pingui
882 3357 914 3411 et
944 3348 1017 3432 pice
1047 3359 1079 3412 et
1110 3347 1152 3412 ad
1181 3347 1332 3414 ultimum

124 3472 268 3515 accenso
295 3449 530 3535 copiosissimo
553 3450 641 3538 igne,
666 3451 782 3516 liceret
804 3449 883 3514 mihi
906 3451 1064 3516 invocato
1088 3444 1331 3540 gloriosissimo

124 3554 258 3618 nomine
274 3563 333 3617 tuo
350 3551 393 3617 ad
409 3552 660 3638 approbandam
676 3553 764 3618 hanc
778 3553 877 3618 fidem
892 3575 1004 3634 meam,
1020 3555 1085 3619 imo
1101 3555 1197 3620 fidem
1214 3555 1331 3621 catho-

124 3656 231 3730 licam,
261 3657 295 3720 in
323 3655 454 3743 singula
479 3656 616 3720 introire
641 3658 742 3721 etita
769 3679 827 3742 per
853 3657 986 3744 singula
1007 3658 1157 3735 transire,
1182 3669 1215 3724 te
1238 3679 1333 3746 prae·

123 3760 287 3835 veniente,
318 3759 497 3844 comitante
524 3768 558 3822 et
583 3759 811 3846 subsequente
840 3759 1058 3848 dextramque
1087 3762 1267 3847 praebente
1294 3783 1333 3828 ac

124 3863 302 3930 clementer
327 3862 499 3936 educente,
529 3862 673 3927 valerem
699 3883 820 3949 sospes
848 3863 967 3941 iress).“
1018 3864 1148 3930 Certius
1169 3887 1249 3931 vero
1272 3873 1333 3946 est,

123 3965 409 4031 Gotheschalcum
442 3964 777 4050 praedestinationem
808 3967 1025 4052 reproborum
1057 3989 1125 4032 non
1155 3969 1263 4034 solum
1290 3969 1333 4036 ad

122 4072 290 4136 interitum
314 4069 384 4133 sive
406 4067 448 4132 ad
472 4089 623 4153 poenam,
647 4069 818 4134 sedetiam
836 4068 878 4134 ad
896 4068 1026 4156 culpam
1043 4070 1209 4149 docuisse,
1233 4072 1280 4137 ita
1294 4080 1333 4138 ut

123 4174 181 4262 qui
206 4172 248 4238 ad
275 4172 441 4238 interitum
469 4180 583 4236 essent
610 4172 858 4257 praedestinati,
889 4173 936 4238 illi
963 4185 1162 4260 cogerentur
1185 4183 1218 4240 et
1240 4198 1331 4243 com·

122 4349 324 4363 ,,,....-....--

194 4430 216 4500 1)
234 4427 319 4500 Epist.
339 4427 477 4500 synodalis
489 4427 523 4482 ad
536 4427 715 4495 Hinomarum,
734 4429 766 4483 Τ.
780 4433 804 4487 8.
819 4431 911 4484 concil.
925 4447 951 4502 p.
965 4431 1059 4498 521⁴),
1073 4433 1143 4505 apud
1156 4429 1328 4492 Tournelinra

122 4523 150 4570 et
161 4515 461 4674 ΚξῗζὲίιὲΜειιιςυῑυ.
474 4601 503 4666 l.,
517 4620 543 4673 p.
557 4605 580 4656 t.
595 4619 655 4674 sqq.
670 4602 740 4676 apud
752 4601 846 4656 Kurtz.
860 4621 886 4677 p.
899 4607 958 4661 499.
