3050 5046
696 302 895 404 Q—

194 501 279 576 hacc
295 506 400 595 gratia
416 505 586 572 sufficiens
602 506 775 592 ejusmodi,
796 527 882 592 quae
898 505 1052 571 absoluta
1068 506 1210 593 quidem,
1233 527 1300 570 non
1316 528 1400 570 vero

190 611 293 676 relate
315 611 358 675 ad
386 611 651 676 circumstantias
674 619 707 673 et
726 609 966 695 dispositioncs
988 608 1133 674 hominis
1153 609 1241 673 vires
1260 609 1404 694 praebet

190 735 287 778 veras
310 724 343 778 et
364 713 512 798 perfecte
537 712 731 798 completas.
774 711 819 776 Et
840 722 964 776 vocant
986 713 1123 798 gratiam
1147 733 1239 776 suam
1263 733 1402 797 parvam

190 815 287 880 ctiam
308 814 527 880 sufficientem
548 816 581 879 iu
605 837 707 880 sensu
730 815 938 888 thomistic0,
963 837 1023 900 per
1043 837 1204 879 summum
1225 814 1338 892 nefas,
1360 823 1403 879 ut

190 927 338 1006 apparet.
384 921 410 984 A
426 919 648 985 novatoribus
669 939 749 983 vero
765 918 1029 1004 protestantibus
1046 917 1136 981 docti
1152 918 1289 1004 gratiam
1306 917 1402 982 suffi-

189 1022 329 1087 cientem
350 1022 552 1108 reJ'eceruut3
576 1021 611 1086 hi
635 1023 719 1086 enim
735 1029 916 1085 novatores
936 1020 1060 1084 nullam
1082 1021 1147 1084 nisi
1168 1021 1304 1107 gratiam
1327 1020 1401 1085 effi-

191 1147 304 1190 cacem
320 1133 483 1206 statuunt,
500 1125 679 1190 efficaciam
695 1125 819 1212 gratiae
834 1125 869 1187 in
886 1123 1027 1210 physica
1043 1123 1186 1209 quadam
1202 1124 1235 1188 vi
1250 1123 1397 1188 necessi-

191 1236 291 1292 tatem
316 1227 489 1303 inferente,
520 1229 573 1293 cui
602 1228 761 1292 voluntas
787 1226 932 1292 humana
960 1248 1147 1314 repugnare
1178 1249 1246 1290 non
1274 1227 1396 1312 possit,

190 1331 396 1416 reponendo.

254 1433 292 1497 In
329 1433 483 1498 omnibus
520 1433 647 1498 Calvini
677 1431 771 1496 libris
801 1431 977 1516 opiniones
1007 1453 1026 1495 a
1054 1431 1213 1497 Jansenio
1244 1439 1400 1497 exaratae

188 1537 418 1613 inveniuntur3
441 1537 619 1600 Jansenius
644 1535 856 1599 Calviuianas
881 1535 1050 1620 dispersas
1079 1535 1211 1599 videtur
1232 1536 1265 1600 iu
1296 1557 1400 1600 unum

190 1639 378 1728 collegisse.
428 1639 606 1704 Jansenius
630 1638 744 1712 docet,
766 1638 800 1701 in
822 1639 989 1722 praesenti
1012 1646 1101 1701 statu
1123 1645 1261 1702 naturae
1282 1637 1400 1722 lapsae

188 1763 258 1806 nou
274 1764 348 1806 esse
363 1741 502 1829 gratiam
518 1741 716 1818 interiorem,
738 1762 824 1832 qnae
840 1763 908 1804 uon
925 1742 968 1806 sit
985 1741 1119 1818 efficax,
1144 1743 1281 1828 gratiam
1298 1763 1399 1828 quarn

190 1844 409 1909 sufficientem
430 1854 564 1920 vocant,
588 1866 662 1908 esse
682 1844 816 1907 nonnisi
837 1844 1051 1930 phantasma3
1075 1867 1148 1909 esse
1170 1844 1398 1932 semipelagia-

194 1970 311 2012 norum
336 1970 490 2027 crrorem,
514 1947 726 2023 contendere,
750 1948 846 2012 deum
870 1949 1023 2012 omnibus
1046 1947 1237 2012 hominibus
1261 1949 1399 2034 gratiam

197 2050 417 2116 sufficientem
439 2051 636 2126 concedere,
658 2051 895 2128 necessariam,
917 2073 959 2115 ne
988 2059 1147 2136 peccent,
1177 2051 1399 2116 necessariam

193 2153 280 2230 iden,
296 2161 334 2218 ut
346 2154 430 2218 salvi
446 2153 527 2218 fiant
539 2153 583 2238 ¹):
601 2176 687 2239 „que
700 2154 733 2218 la
748 2153 942 2218 distinction
959 2153 1000 2217 de
1015 2153 1048 2216 la
1063 2175 1160 2240 grace
1176 2152 1350 2227 suffisaute
1366 2162 1400 2217 et

189 2255 325 2320 efficace
344 2256 416 2320 doit
438 2266 524 2320 estre
546 2255 707 2342 rejettee:¹
724 2256 886 2343 parcqu’il
901 2257 955 2342 n’y
977 2277 997 2318 a
1018 2257 1115 2340 point
1130 2257 1334 2320 maintenant
1356 2257 1398 2320 de

188 2381 287 2446 grace
302 2359 479 2424 interieure
501 2359 683 2433 suffisante
707 2361 765 2444 qui
786 2381 828 2423 ne
844 2359 911 2423 soit
926 2358 1091 2426 efficace.“
1135 2358 1294 2446 Synodus
1309 2359 1397 2423 Dor·

189 2463 333 2527 dracena
346 2469 509 2526 autumat:
533 2484 620 2548 „que
643 2462 693 2526 s’il
717 2472 768 2527 est
790 2463 947 2549 question
970 2461 1011 2526 de
1027 2461 1164 2526 l’attrait
1178 2461 1336 2526 interieur
1352 2462 1397 2527 du

189 2565 284 2629 Saint
299 2565 429 2649 Esprit,
459 2573 546 2629 cette
567 2563 762 2630 distinction
784 2564 831 2658 de
845 2587 943 2652 grace
965 2564 1136 2628 suffisante
1158 2575 1191 2628 et
1206 2565 1340 2630 efficace
1356 2588 1397 2630 ne

188 2668 261 2732 doit
281 2668 378 2754 point
394 2675 481 2732 estre
500 2674 633 2733 recede:
657 2689 844 2754 „parceque
865 2668 897 2732 le
919 2669 1008 2732 saint
1028 2668 1142 2752 Esprit
1157 2669 1267 2732 donne
1284 2667 1304 2732 a
1319 2679 1396 2733 tous

189 2793 273 2834 ceux
290 2771 369 2856 qu’il
392 2771 497 2851 attire,
520 2793 589 2835 non
611 2771 793 2835 seulement
807 2771 839 2834 le
855 2772 1008 2855 pouvoir‚
1025 2772 1106 2834 mais
1122 2773 1213 2834 aussi
1228 2771 1395 2852 l'effet2).“

188 2872 238 2951 „ll
252 2873 309 2960 n’y
330 2893 350 2936 a
371 2875 468 2958 point
489 2873 530 2938 de
551 2895 649 2960 graec
672 2873 846 2940 suffisaute
867 2875 925 2960 qui
941 2896 982 2939 ne
998 2875 1065 2938 soit
1081 2873 1236 2939 efficace“
1258 2884 1396 2940 conten·

189 3059 297 3130 dignum
309 3066 337 3113 et
349 3059 453 3130 justum
467 3067 516 3124 est,
535 3076 648 3129 aequum
661 3067 688 3112 et
700 3059 825 3122 salutare,
838 3067 865 3112 te
878 3059 983 3128 quidem
997 3059 1109 3114 Domine
1122 3061 1192 3112 omui
1205 3067 1333 3132 tempore,
1346 3059 1395 3114 sed

191 3145 217 3197 in
242 3146 292 3198 hoc
315 3145 483 3216 potissimum
508 3145 554 3221 die
573 3146 717 3216 gloriosius
741 3146 904 3216 praedicare,
929 3163 981 3215 quo
1003 3145 1104 3216 Papam
1128 3147 1178 3199 toti
1197 3147 1254 3198 orbi
1272 3147 1394 3200 revelasti
1407 3213 1422 3230 ·

188 3232 345 3296 Romanum,
364 3233 407 3302 qui
425 3249 487 3284 vere
506 3240 549 3284 est
565 3233 746 3284 Antichristus
765 3243 792 3284 et
809 3231 891 3283 Filius
910 3232 1066 3301 perditionis
1084 3245 1111 3285 et
1127 3233 1272 3286 Ecclesiam
1290 3234 1323 3285 ab
1337 3233 1394 3302 ejus

190 3318 329 3389 tyrannide
352 3325 425 3370 tuam
443 3318 595 3370 mirabiliter
612 3318 737 3382 liberasti,
757 3327 783 3370 et
800 3318 858 3370 ideo
878 3335 936 3369 cum
955 3319 1066 3390 Angelis
1090 3329 1116 3372 et
1133 3320 1317 3391 Archangelis,
1337 3338 1394 3374 curn

188 3403 305 3458 Throuis
325 3411 352 3456 et
369 3403 613 3467 Dominationibus,
631 3421 743 3473 cumque
761 3405 831 3456 omni
850 3403 941 3456 militia
959 3406 1083 3458 coelestis
1102 3407 1247 3470 exercituS,
1271 3407 1393 3476 hymnum

189 3491 290 3564 gloriae
308 3498 370 3544 tuae
384 3491 501 3544 cauimus
515 3491 571 3543 sine
583 3491 635 3542 line
649 3491 774 3546 dicentes.
810 3490 859 3542 Die
872 3490 1011 3563 Leipziger
1026 3492 1135 3563 Allgem.
1150 3493 1262 3563 Zeitung
1274 3510 1322 3544 vor
1335 3493 1393 3545 dem

188 3577 383 3632 Richterstuhle
407 3577 455 3630 der
480 3576 638 3629 Geschichte
656 3595 681 3629 u.
702 3594 722 3630 s,
742 3595 774 3629 w.
799 3577 897 3641 Mainz,
922 3578 946 3629 in
973 3577 1150 3631 Commission
1175 3581 1216 3631 bei
1235 3578 1393 3642 Kirchheim,

189 3663 286 3717 Schott
297 3663 351 3716 und
363 3661 528 3726 Thielmanu,
549 3665 622 3718 1842.
637 3662 665 3716 S.
679 3665 721 3718 82.

257 3749 404 3803 Nordhnsii
420 3750 447 3801 in
464 3749 610 3820 Thyriugia
627 3749 676 3800 hoc
696 3748 776 3801 modo
789 3747 966 3818 jubilabatur:
986 3750 1124 3814 „Psarrem
1142 3749 1198 3803 Dei·
1215 3749 1285 3803 Hcrr
1298 3753 1336 3804 sei
1350 3753 1394 3805 mit

187 3835 271 3889 Euch.
308 3835 465 3889 Gemeiude:
485 3834 547 3888 Und
565 3837 611 3887 mit
629 3836 739 3888 Deiuem
756 3835 849 3888 Geiste
862 3854 887 3888 u.
901 3853 922 3888 s.
937 3855 970 3889 W.
1006 3837 1060 3892 Pt:
1079 3835 1215 3890 Wahrlich
1234 3856 1262 3890 es
1275 3839 1311 3890 ist
1323 3838 1393 3908 billig

188 3922 242 3975 und
259 3923 341 3987 recht,
359 3921 473 3974 nfitzlich
490 3921 543 3974 und
556 3922 674 3984 heilsam,
694 3922 757 3974 dass
771 3922 818 3973 wir
834 3921 909 3988 Dich,
931 3923 999 3976 Herr
1011 3923 1201 3994 Allmachtiger
1214 3923 1287 3988 Gott,
1308 3924 1394 3977 allzeit

189 4008 269 4060 leben
280 4008 334 4060 und
347 4008 450 4061 dankeu
463 4007 516 4060 und
529 4008 677 4061 sonderliclr
688 4008 712 4060 in
726 4009 812 4061 dieser
826 4007 884 4061 Zeit
896 4008 1006 4061 frdhlich
1020 4010 1134 4080 preisen,
1147 4009 1180 4062 da
1192 4011 1241 4062 wir
1253 4011 1298 4062 mit
1309 4011 1331 4063 F
1333 4029 1393 4064 reu-

189 4093 241 4147 den
253 4112 303 4147 uns
317 4095 447 4159 erinnern,
460 4095 510 4146 wie
523 4094 566 4146 Du
578 4113 628 4147 uns
642 4112 690 4147 aus
704 4095 751 4147 der
768 4095 931 4148 Fiusterniss
946 4103 1055 4148 errettet
1067 4096 1135 4160 hest,
1154 4095 1187 4147 da
1200 4095 1241 4149 Du
1254 4115 1302 4149 vor
1314 4099 1392 4150 awei-

188 4180 302 4234 hundert
319 4180 419 4234 Jahren
437 4180 530 4233 deinen
545 4182 740 4234 auserwahlten
756 4181 894 4253 Riistzeug
910 4181 1052 4235 Lutherum
1071 4183 1186 4236 erweckt
1201 4183 1269 4248 hast,
1287 4184 1351 4237 dass
1365 4202 1393 4238 er

189 4266 237 4320 das
250 4267 339 4319 wahre
352 4266 427 4319 Licht
440 4266 488 4319 des
507 4266 643 4338 Evangelii
656 4268 797 4322 herstelleu
810 4269 921 4322 mdchte.
958 4269 1019 4321 Wir
1032 4269 1090 4321 sind
1102 4270 1229 4322 nunmelrr
1241 4269 1289 4324 der
1302 4271 1391 4325 Blind·

190 4352 244 4406 heit
256 4359 406 4424 autgangeu
418 4371 444 4410 u.
458 4369 479 4404 s.
492 4371 525 4406 w.
539 4353 555 4405 l.
570 4371 590 4408 c.

261 4439 284 4508 ¹)
302 4438 377 4492 Jans.
391 4447 408 4491 t.
422 4441 445 4494 3.
465 4439 481 4490 l.
494 4443 519 4496 3.
534 4457 554 4492 c.
572 4445 603 4505 1.,
617 4440 649 4494 de
663 4440 779 4512 Champs
791 4460 816 4512 p.
831 4443 889 4498 333.

258 4524 284 4596 2)
302 4525 385 4578 Actes
399 4525 433 4578 du
447 4527 551 4595 synode
564 4527 597 4581 de
610 4527 766 4593 Dordrccht,
781 4546 822 4598 ap.
837 4527 869 4580 de
884 4526 1008 4597 Champs,
1021 4545 1046 4598 p.
1060 4529 1118 4584 334.
