3084 5056
798 321 839 392 to

716 417 916 426 ——--—-———..

211 523 355 604 credere,
379 525 545 592 hominem
562 528 743 616 aliquando
760 531 934 618 quemdam
950 532 1085 615 vixisse,
1107 531 1299 598 Jansenium
1316 534 1420 600 nomi-

209 638 334 708 natum,
357 631 553 717 episcopum
569 631 704 714 factum,
728 635 786 720 qui
802 634 920 700 librum
937 637 1201 722 ‚‚Augustinum“
1224 636 1419 724 inscriptum

210 734 467 822 composuisset,
490 735 524 798 in
547 757 655 823 eoque
671 736 712 802 de
728 739 845 824 gratia,
870 738 1184 824 praedestinatione,
1208 740 1315 806 libero
1332 742 1419 806 arbi·

209 839 274 904 trio
298 838 528 913 disseruisset;
554 839 614 904 sed
635 841 750 926 posita
772 841 835 907 hac
860 843 1052 928 cognitione
1076 843 1229 928 profecto
1246 843 1322 909 fidei
1338 853 1418 921 erat,

209 942 358 1019 credere,
403 943 575 1008 doctrinae
609 943 644 1008 in
670 944 737 1010 hoc
767 945 852 1011 libro
881 969 939 1031 per
966 947 1067 1018 istum
1095 946 1261 1011 hominem
1292 947 1333 1012 de
1361 947 1419 1012 illa

207 1047 344 1112 materia
374 1056 467 1111 satae
496 1045 625 1133 aliquas
654 1050 906 1134 propositiones
935 1047 1038 1114 falsas
1069 1057 1102 1114 et
1131 1049 1318 1116 haereticas
1349 1049 1417 1115 dis·

208 1149 350 1237 ciplinae
366 1149 613 1216 ecclesiasticae
630 1151 800 1217 adversari
815 1153 929 1240 itaque
945 1152 1142 1240 rejiciendas
1158 1175 1241 1220 esse.

271 1253 374 1340 Cujus
391 1253 563 1320 doctrinae
580 1263 612 1319 et
627 1254 694 1319 hoc
709 1257 882 1342 proprium
899 1265 978 1334 erat,
1001 1256 1094 1342 quod
1110 1256 1168 1342 qni
1184 1257 1212 1320 ei
1228 1256 1417 1342 adscriptos

208 1380 244 1424 se
267 1357 432 1434 dicebant,
455 1379 608 1444 magnam
630 1381 756 1424 morum
781 1360 1003 1424 sinceritatem
1027 1370 1060 1425 et
1083 1361 1289 1447 gravitatem,
1312 1360 1416 1424 virtu·

205 1471 275 1527 tum
298 1461 498 1547 probitatem
528 1470 561 1526 et
585 1471 752 1528 externam
775 1485 853 1550 erga
875 1463 1035 1528 ecclesiae
1058 1472 1235 1550 praecepta
1258 1463 1417 1528 obedien·

206 1565 285 1630 tiam
308 1565 595 1651 reverentiamque
619 1586 697 1651 prae
720 1589 756 1630 se
779 1565 904 1632 ferrent
927 1575 1028 1654 atque
1050 1588 1170 1654 magna
1186 1588 1227 1630 ex
1244 1576 1337 1652 parte
1353 1587 1416 1631 suo

203 1667 305 1733 modo
328 1669 430 1732 vitam
454 1689 530 1732 vere
554 1667 731 1734 honestam
754 1669 928 1757 degerent,
960 1671 1237 1756 quemadmodum
1261 1682 1294 1735 et
1317 1692 1415 1756 quam

203 1772 337 1860 plurimi
351 1771 512 1838 haeretici
528 1773 686 1857 temporis
702 1773 920 1859 praeterlapsi
936 1773 1094 1850 fecerant,
1119 1773 1282 1860 siquidem
1300 1794 1416 1838 omnes

203 1885 315 1943 sectae
343 1895 460 1942 severa
485 1876 620 1940 vivendi
647 1877 774 1940 ratione
804 1886 837 1940 et
867 1897 986 1962 aspera
1015 1899 1142 1941 morum
1170 1877 1416 1941 consuetudine

201 1980 362 2067 egebant,
389 1987 427 2044 ut
449 2001 485 2043 se
509 1987 542 2044 at
564 1979 649 2043 alios
672 1978 882 2066 deciperent.¹
917 1979 1140 2045 Jansenianos
1156 1980 1314 2064 imprimis
1331 1979 1416 2044 nihil

200 2083 266 2148 nisi
289 2081 460 2168 superbia,
485 2081 613 2146 animos
636 2091 765 2148 secreto
789 2083 1009 2169 perfundens,
1038 2084 1301 2150 adaxteriorem
1326 2084 1414 2148 vitae

201 2187 355 2252 duritiem
377 2209 416 2250 ac
439 2187 665 2252 austeritatem
689 2187 930 2253 ostendendam
953 2187 1093 2273 impulit.
1138 2189 1214 2264 Ast,
1246 2187 1310 2252 etsi
1332 2208 1428 2252 con--

199 2289 342 2356 cesseris
372 2289 426 2353 val
455 2290 744 2374 comprobaveris,
775 2291 938 2356 sincerum
965 2291 1064 2354 animi
1090 2290 1196 2356 fuisse
1224 2289 1412 2365 consilium,

198 2415 309 2460 veram
327 2394 415 2458 vitae
437 2393 646 2478 probitatem,
671 2415 785 2478 puram
808 2395 974 2459 actionum
992 2395 1157 2470 virtutem,
1181 2416 1220 2458 ex
1238 2393 1339 2460 corde
1355 2393 1412 2478 pio

199 2497 344 2584 scriptos
374 2496 495 2580 libros,
533 2504 668 2561 constat
697 2506 825 2562 tamen:
863 2505 956 2562 extra
984 2497 1157 2563 ecclesiam
1187 2497 1279 2562 nulla
1309 2496 1410 2560 salus.

197 2600 276 2666 Non
300 2600 450 2688 quidem,
474 2601 626 2686 quamvis
648 2598 841 2666 Janseniani
864 2601 928 2686 ipsi
952 2623 1055 2686 opera
1078 2601 1223 2666 nondum
1243 2600 1408 2687 justifica·

197 2717 316 2782 torum,
339 2711 566 2790 peccatorum,
596 2703 774 2768 infidelium
799 2704 877 2768 vitia
899 2727 973 2770 esse
994 2705 1147 2780 doceant,
1178 2705 1267 2768 omni
1289 2726 1409 2769 exuere

195 2810 313 2874 merito
331 2815 425 2872 actus
442 2807 676 2873 aJanseuistis
695 2806 824 2871 elicitos
843 2807 1005 2873 volumus.
1038 2804 1218 2887 Quomodo
1235 2807 1329 2882 deus,
1351 2808 1407 2894 qui

195 2912 308 2977 intima
329 2918 497 2976 scrutatur
518 2921 551 2974 et
573 2911 684 2974 omnia
705 2910 875 2996 dijudicat,
899 2911 940 2974 de
960 2910 1024 2974 hac
1041 2910 1174 2976 vivendi
1196 2919 1229 2976 ct
1245 2909 1406 2997 operandi

195 3017 323 3080 ratione
347 3023 448 3100 atque
471 3013 664 3078 conditione
688 3015 845 3090 senserit,
870 3035 965 3077 nemo
983 3024 1049 3089 est,
1073 3015 1131 3100 qui
1151 3012 1256 3078 dicat:
1295 3035 1406 3080 coram

194 3141 272 3185 vero
296 3118 447 3194 ecclesia,
465 3117 564 3203 juxta
587 3139 720 3182 sensum
744 3116 986 3182 catholicorum
1010 3116 1101 3181 nulla
1122 3118 1275 3202 probitas
1290 3138 1405 3182 eorum

195 3245 269 3288 esse
295 3222 408 3308 potuit
443 3221 626 3296 meritoria,
665 3220 723 3307 qui
752 3243 793 3284 ex
823 3221 984 3286 ecclesiae
1014 3221 1090 3285 sinu
1119 3243 1155 3285 se
1185 3220 1404 3301 absciderant,

195 3326 340 3391 membra
361 3347 379 3388 a
402 3324 510 3409 capite
532 3323 658 3392 avulsa.
705 3322 793 3403 Quin
821 3325 885 3387 imo
909 3323 1076 3388 miraculis
1100 3331 1314 3389 asseruerunt
1336 3324 1403 3389 dis·

194 3429 352 3515 ciplinam
373 3449 465 3491 suam
493 3438 659 3513 tamquam
682 3426 881 3492 testimoniis
904 3427 1038 3493 adeam
1060 3427 1248 3492 clarandam
1271 3437 1304 3492 ct
1324 3449 1402 3513 pro-

193 3531 379 3618 pagandam
402 3529 512 3594 allatis
530 3531 755 3616 comprobari,
778 3530 946 3596 miraculis
970 3531 1198 3618 suppositiciis
1221 3540 1254 3596 et
1268 3530 1402 3607 fictitiis,

191 3636 236 3712 id,
260 3634 355 3723 quod
370 3633 589 3700 intendebant
604 3635 740 3722 assequi
756 3635 879 3712 conati,
904 3645 1082 3722 postquam
1099 3635 1163 3700 alio
1180 3635 1279 3699 modo
1297 3635 1403 3699 aliave

191 3741 245 3804 via
266 3761 320 3804 res
345 3760 403 3804 eos
426 3737 546 3802 fefellit
558 3738 596 3819 ¹).
641 3740 776 3804 Parisiis
792 3741 825 3804 in
843 3739 1043 3806 coemeterio
1060 3738 1174 3804 Sancti
1193 3737 1344 3804 Medardi
1359 3737 1403 3802 ad

191 3842 353 3909 tumulum
376 3841 545 3906 Francisci
574 3843 615 3907 de
637 3843 731 3908 Paris
760 3844 908 3921 diaconi,
940 3844 1061 3908 mortui
1085 3863 1172 3906 anno
1199 3842 1305 3918 1727,
1344 3842 1402 3929 qui

191 3946 369 4011 acerrimus
391 3943 583 4008 Jansenista
606 3946 647 4010 ab
663 3946 795 4012 illorum
812 3949 1041 4033 pertentabat,
1067 3947 1124 4032 qui
1148 3945 1402 4032 „appellantes·‘

190 4049 407 4124 vocabantur,
431 4047 538 4111 morbi
560 4051 802 4136 aegrotantium
824 4051 1016 4116 mirabiliter
1032 4049 1138 4114 curati
1154 4071 1227 4114 esse
1244 4049 1400 4115 diceban-

189 4165 258 4230 tur3
282 4151 387 4217 totius
410 4151 563 4238 corporis
587 4153 825 4241 agitationibus
848 4154 902 4218 vel
924 4153 1088 4240 turpibus,
1113 4153 1294 4230 extasibus‚
1318 4174 1399 4218 cou-

258 4409 283 4470 ¹)
301 4406 433 4463 Lutherus
446 4407 504 4480 ipse
514 4407 640 4462 miracula
653 4409 732 4464 edere
745 4418 857 4464 conatus
870 4417 919 4464 ast.
945 4406 995 4463 Die
1007 4406 1147 4483 Leipziger
1158 4404 1273 4482 Aligem,
1285 4401 1397 4480 Zeitung

187 4511 236 4550 tor
253 4496 313 4550 dem
329 4495 524 4552 Richterstuhle
551 4497 599 4550 der
617 4497 788 4564 Geachichtc,
810 4496 913 4564 Mainz,
937 4497 964 4550 iu
982 4497 1160 4552 Commission
1178 4496 1219 4549 bei
1237 4493 1395 4562 Kirclrheim,

187 4583 283 4642 Sclrott
301 4584 354 4640 und
373 4583 557 4651 'l'hielemanm
579 4587 657 4654 1842,
676 4584 704 4642 S.
717 4588 759 4642 74.
