3084 5056
802 331 845 397 ta

212 535 277 599 sub
303 535 437 600 nomine
464 533 627 600 Ludovici
655 533 814 600 Montalti
843 555 932 600 anno
963 533 1055 601 1556.
1078 535 1176 601 editis
1203 544 1237 602 et
1262 536 1427 603 Perrierio

214 637 345 704 cuidam
367 639 401 703 in
425 638 599 724 provincia
621 639 778 714 versanti,
802 637 947 724 scriptis,
972 637 1125 704 haeresin
1148 637 1237 705 clare
1259 648 1293 704 et
1313 651 1429 727 aperte

216 743 383 823 tuebatur,
405 741 539 807 Nicolio
563 741 718 824 (reicola),
743 743 801 828 qui
821 741 907 806 inter
928 739 1039 806 cetera'
1054 741 1159 806 multa
1173 742 1429 829 disquisitiones

217 847 279 910 sub
305 845 439 910 nomine
461 845 556 910 Pauli
577 845 705 910 Ireneei
727 858 761 910 et
776 853 881 908 notas
893 845 926 908 in
943 844 1105 930 epistolas
1122 845 1347 931 provinciales
1363 846 1427 911 sub

212 948 346 1012 nomine
362 945 568 1013 Vendroohii
586 945 834 1031 (Vvindrochii)
851 949 996 1034 scripsit,
1019 957 1052 1014 et
1076 950 1255 1036 praecipue
1277 949 1426 1016 Antonio

214 1050 364 1116 Arnaldo
381 1051 617 1116 assistentibus
640 1051 970 1140 cooperantibusque
982 1051 1021 1136 ι).

281 1153 456 1239 Epistolae
471 1154 555 1218 istae
571 1153 795 1240 provinciales
811 1155 902 1219 notis
919 1175 940 1219 a
956 1152 1305 1221 Vendroch·Nicolio
1320 1154 1428 1219 muni·

215 1265 270 1322 tae
305 1267 407 1342 prout
441 1257 643 1323 Jansenismi
672 1257 825 1322 haeresin
855 1259 1082 1332 continentes,
1119 1278 1234 1324 omues
1264 1257 1429 1335 homines,

214 1381 346 1448 papam,
370 1361 568 1447 episcopos,
590 1383 711 1448 regem,
735 1362 959 1449 magistratus,
982 1359 1175 1426 facultatem
1196 1361 1429 1438 Parisiensem,

213 1463 370 1538 Jesuitas‚
393 1463 528 1529 ordines
545 1464 804 1539 ecclesiasticos,
822 1464 1040 1550 objurgantes
1064 1472 1097 1528 et
1118 1463 1316 1550 sugillantes
1331 1463 1429 1528 initio

215 1589 275 1652 per
300 1566 410 1632 sedem
437 1567 667 1653 apostolicam,
694 1567 816 1632 deinde
841 1589 901 1654 per
927 1567 1222 1654 congregationem
1248 1569 1430 1654 episcopo-

216 1691 299 1746 rum,
332 1670 518 1754 doctorum,
550 1679 583 1734 et
608 1670 795 1757 legatorum
818 1693 838 1734 a
860 1669 1036 1736 Ludovico
1059 1669 1152 1736 XlV.
1175 1692 1253 1757 rege
1277 1679 1430 1736 coactam

214 1772 399 1850 damnatae,
427 1773 563 1838 Parisiis
591 1773 645 1838 die
670 1775 701 1838 4.
728 1773 934 1858 Septembris
961 1795 1048 1837 anno
1077 1772 1180 1850 1660,
1206 1773 1327 1839 deinde
1351 1774 1430 1862 igne

215 1877 410 1942 combustae
440 1883 529 1940 sunt.
588 1874 824 1963 Praeterquam
859 1876 953 1964 quod
982 1877 1125 1940 maximo
1157 1875 1235 1942 odio
1266 1897 1431 1942 summum

215 1979 404 2065 pontificem
419 1987 592 2066 totamque
608 1977 828 2044 hierarchiam
844 1986 1134 2066 persequerentur,
1153 1977 1302 2044 Jesuitas
1318 1979 1430 2044 solitis
1524 1983 1525 2010 ³

215 2083 510 2171 objurgationibus
547 2091 649 2169 atque
679 2082 860 2147 inimicitiis
889 2083 1082 2150 affecerunt.
1142 2082 1283 2161 „Hoe,“
1320 2082 1433 2171 inquit

213 2185 366 2252 Pascalis
394 2186 429 2250 in
461 2185 606 2271 epistola
631 2185 680 2250 18.
736 2185 895 2262 „Lutheri
924 2187 1126 2274 impietatem
1156 2185 1332 2264 destruxit,
1362 2187 1431 2251 hoc

214 2290 368 2375 impietas
385 2311 520 2377 quoque
537 2288 676 2354 scholae
696 2289 844 2354 Molinae
866 2290 1038 2356 destructe
1053 2298 1135 2356 est.“
1181 2290 1381 2378 „Inquisitio
1396 2297 1433 2354 et

215 2394 361 2458 societas
382 2391 466 2457 Jesu
486 2391 619 2478 flagella
642 2401 721 2456 sunt
742 2393 892 2458 veritatis
901 2392 964 2474 ²).“
1008 2393 1162 2481 Denique
1177 2393 1251 2470 iste,
1273 2394 1331 2480 qui
1348 2415 1432 2460 con·

216 2495 335 2573 tendit,
366 2495 554 2561 doctrinam
584 2495 734 2560 Jansenii
764 2495 888 2560 nullam
921 2495 1019 2560 aliam
1049 2518 1124 2561 esse
1153 2497 1218 2561 nisi
1244 2495 1432 2562 doctrinam

215 2598 286 2665 S.S.
301 2598 408 2675 Pauli,
432 2599 608 2686 Augustini
633 2608 668 2663 et
694 2598 862 2684 Prosperi,
886 2599 1097 2664 Jansenismo
1120 2599 1267 2686 genuino
1289 2600 1433 2664 maxime

215 2703 369 2767 addictus
393 2701 479 2766 diem
503 2723 694 2788 supremum
717 2701 852 2787 obiit³),
876 2702 1045 2768 Arnaldus
1067 2724 1148 2767 vero
1171 2701 1295 2767 tabulis
1311 2723 1430 2788 supre-

214 2806 275 2871 mis
297 2813 439 2872 testatus
462 2816 523 2880 est,
547 2827 582 2870 se
607 2804 779 2869 doetrinae
804 2827 884 2870 suae
905 2805 1139 2871 moribundum
1162 2805 1273 2872 adhuc
1288 2805 1433 2871 fideliter

215 2909 449 2985 adhaesurum,
473 2917 575 2995 atque
597 2908 835 3009 octqgenarius
858 2909 1025 2973 Bruxellis
1047 2909 1133 2974 diem
1155 2931 1251 2975 suum
1275 2909 1430 2974 obiturus

216 3011 420 3093 Quosnelum
436 3011 625 3088 acceseivit,
642 3033 740 3098 quem
755 3011 907 3077 manibus
923 3021 957 3077 et
969 3011 1071 3078 corde
1086 3011 1262 3099 amplexus
1277 3021 1430 3078 mortuus
1522 3023 1523 3081 l

215 3125 277 3185 est.
321 3115 396 3180 Dici
411 3115 525 3202 itaque
541 3114 662 3201 potuit,
683 3114 990 3203 Portum-Regium
1005 3115 1112 3181 fuisse
1127 3115 1200 3204 Baji
1213 3115 1329 3193 filium,
1352 3114 1429 3182 Cal·

215 3220 284 3285 vini
306 3218 456 3295 fratrem,
480 3218 645 3284 Hobbesii
668 3217 881 3304 complicem,
904 3217 1147 3305 Inspiratorum
1170 3226 1204 3284 et
1224 3217 1427 3284 Convulsio-
1521 3269 1522 3290 ,

215 3323 385 3388 uariorum
399 3329 538 3408 patrem,
555 3321 614 3408 qui
628 3321 731 3386 vitam
747 3322 880 3387 brevem
901 3322 1058 3410 degisset,
1079 3343 1119 3387 eo
1136 3322 1257 3399 animo,
1280 3332 1319 3388 ut
1332 3343 1428 3388 mun·
1521 3301 1522 3375 l

216 3426 294 3492 dum
310 3433 457 3503 vexaret,
474 3423 635 3490 ecclesiae
649 3425 857 3501 reniteretur,
874 3423 1111 3512 rempublicam
1127 3425 1337 3512 perturbaret
1346 3423 1386 3506 ⁴).

281 3528 413 3610 Quibus
435 3527 546 3594 verbis
562 3526 685 3593 diserte
701 3526 852 3605 docetur,
876 3550 943 3616 qua
958 3529 1090 3593 ratione
1106 3527 1173 3594 hoc
1189 3527 1426 3594 monasterium
1520 3557 1521 3592 3

215 3634 259 3700 ad
276 3635 434 3721 originem
451 3641 484 3696 et
499 3631 685 3696 doctrinam
700 3629 900 3696 Jansenismi
916 3633 1109 3719 pertingens
1126 3653 1162 3696 se
1179 3629 1328 3696 haberet.
1365 3637 1367 3642 “

281 3736 545 3823 Comprobamus
567 3733 634 3799 hoc
658 3733 746 3799 idem
768 3733 955 3816 spectando
976 3733 1117 3799 feminas
1132 3735 1166 3798 in
1181 3731 1241 3800 illo
1258 3733 1428 3822 degentes.

216 3841 399 3916 Moniales,
435 3839 559 3924 pietate
588 3847 621 3902 et
650 3837 819 3922 probitate
848 3837 1013 3924 insignes,
1050 3859 1089 3903 ac
1118 3847 1257 3924 propter
1286 3837 1428 3902 virtutes

217 3965 394 4032 moresque
416 3943 458 4007 ab
482 3939 637 4006 omnibus
659 3939 848 4006 honoratae
871 3962 973 4028 quum
994 3961 1104 4007 novae
1119 3939 1292 4007 doctrinae
1308 3961 1427 4006 assen-

289 4236 311 4306 1)
329 4233 420 4287 Lettre
440 4230 596 4286 d’llrnauld.

286 4323 312 4390 2)
332 4320 372 4372 De
384 4319 497 4374 Maistre
510 4317 543 4373 de
555 4319 657 4392 l’dglise
669 4317 807 4390 gallicane,
825 4317 946 4371 Penates
959 4317 992 4371 de
1004 4315 1113 4375 Pascal,

287 4408 312 4478 θ)
331 4405 461 4458 Discours
483 4422 529 4459 sur
551 4405 578 4458 la
600 4405 642 4459 vie
660 4414 688 4459 et
704 4405 745 4459 les
769 4421 901 4476 ouvrages
920 4411 970 4461 etc.
989 4403 1060 4476 apud
1080 4403 1211 4458 Comitem
1227 4401 1375 4474 Josephuur
1393 4399 1426 4456 da

217 4493 338 4557 Maistre,
357 4491 389 4545 de
401 4491 504 4562 l’eglise
515 4491 651 4562 gallicane.

285 4580 313 4651 ⁴)
332 4579 373 4636 De
385 4579 499 4634 Maistre
513 4576 547 4631 de
558 4576 659 4648 l'eglise
671 4575 809 4648 gallicane.
