3084 5056
764 351 804 417 22

683 439 882 452 w-

178 558 374 644 praemium,
396 578 506 643 neque
535 532 734 642 supplibium
853 577 962 642 neque
989 556 1145 632 liberum,
1174 578 1283 644 neque
1312 577 1379 620 ser·

177 682 254 728 vum
275 660 446 728 arbitrium
562 659 720 746 denique,
741 680 851 746 neque
872 667 969 723 vetus
989 683 1098 745 neque
1119 681 1242 726 novum
1263 659 1382 724 Testa·

176 775 321 830 mentum
347 763 530 850 intelligere
554 762 778 844 videantur¹).
823 759 934 826 Crevit
959 771 992 826 et
1017 771 1150 830 auctum
1177 772 1228 828 est
1253 762 1381 828 indies

177 867 388 954 propositum
411 875 444 932 et
466 888 568 952 opus;
592 864 653 930 sed
672 863 850 930 Jansenius
871 873 905 929 et
925 865 1170 953 San-Cyrenus
1191 867 1381 942 timuerunt,

177 994 219 1036 ne
235 970 376 1036 consilia
392 969 587 1056 detegentes
603 967 819 1034 offensionem
835 968 1001 1054 publicam
1017 970 1230 1046 incurrerant,
1246 970 1281 1034 in
1294 970 1382 1056 peri·

178 1074 254 1140 cula
279 1073 534 1151 adducerentur,
563 1093 582 1136 a
608 1071 777 1158 theologis
802 1071 1065 1156 repudiarentur,
1093 1073 1134 1136 ab
1158 1070 1382 1138 Universitate

178 1177 383 1243 Lovaniensi
403 1177 627 1263 rejicerentur,
652 1197 671 1238 e
687 1197 773 1261 papa
788 1174 1097 1252 condemnarentur,
1120 1175 1279 1240 certiores
1293 1174 1383 1250 facti,

177 1281 317 1346 Romam
333 1301 440 1344 novae
456 1273 653 1364 disciplinae
669 1276 889 1356 adversarill.
924 1276 1034 1357 Quare
1049 1279 1084 1342 in
1099 1278 1275 1364 proposito
1291 1277 1382 1344 facto

179 1393 213 1449 et
238 1405 340 1469 opere
366 1391 487 1468 coepto
515 1401 757 1467 nonnunquam
783 1388 901 1446 auctor
921 1380 1031 1446 haesit
1053 1369 1266 1467 perterritus,¹
1285 1381 1384 1448 desiit

178 1485 370 1573 perplexus,
387 1483 563 1549 consilium
586 1491 741 1568 precatus
757 1481 986 1562 amicorum3).
1022 1484 1139 1548 Annus
1155 1482 1274 1550 deiude
1292 1483 1383 1548 1627.

179 1587 322 1656 traditur
336 1587 570 1674 „Augustino“
586 1585 673 1650 libro
689 1585 815 1650 tamdiu
831 1586 999 1672 tantisque
1014 1587 1142 1652 viribus
1159 1595 1192 1652 et
1205 1587 1382 1652 conatibus

180 1715 241 1778 per
264 1700 316 1758 tot
342 1712 448 1756 annos
476 1697 687 1775 praeparato,
718 1696 770 1754 tot
799 1688 932 1754 casibus
960 1689 1185 1776 periculisque
1214 1689 1383 1756 retardato

180 1795 308 1860 initium
337 1793 485 1871 dedisse;
517 1815 613 1880 quem
643 1791 830 1868 densamus,
862 1791 939 1856 dum
964 1793 1099 1869 viveret,
1131 1814 1199 1858 non
1221 1793 1256 1858 in
1277 1792 1384 1858 lucem

181 1898 388 1986 prolaturum
418 1918 453 1962 se
484 1896 635 1970 asseruit,
666 1916 708 1958 ne
738 1893 866 1960 animus
896 1902 929 1960 et
958 1895 1028 1960 vita
1057 1895 1384 1982 perturbarentur-ffb

174 2003 382 2088 'quamquam
404 1999 433 2064 ei
448 1999 535 2064 libro
559 1997 792 2084 componendo
815 1997 912 2064 unice
928 2021 964 2062 se
986 2008 1108 2073 natum,
1130 2008 1210 2084 post
1225 2007 1337 2064 uatum
1354 2009 1386 2064 et

181 2105 369 2190 evulgatum
385 2101 527 2168 libenter
543 2123 578 2168 se
593 2101 789 2167 moriturum
804 2099 1027 2182 affirmavit⁶).
1053 2100 1147 2188 Opus
1160 2124 1220 2187 spe
1234 2103 1385 2173 maxima,

180 2207 270 2273 miris
286 2205 500 2291 opinionibus
517 2227 555 2268 ac
571 2203 743 2268 desideriis
760 2226 780 2266 a
801 2204 880 2268 viris
896 2205 1104 2290 sapientibus
1120 2213 1189 2270 tum
1206 2206 1385 2270 saeculari·

181 2310 244 2374 bus
282 2317 351 2373 tum
381 2306 615 2372 ecclesiasticis
646 2315 873 2392 exspectatum
903 2307 1004 2393 longe
1038 2316 1216 2394 antequam
1247 2309 1383 2395 prodiit,

182 2413 312 2478 animos
334 2410 546 2476 vehementer
569 2431 708 2474 movens
730 2411 895 2474 excitavit.
941 2409 1071 2476 Volunt
1090 2411 1252 2489 nonnulli,
1268 2411 1385 2476 Janse-

180 2518 271 2582 nium
298 2536 366 2579 non
394 2513 458 2578 alia
484 2536 524 2577 ex
552 2535 652 2578 causa
678 2512 797 2578 librum
821 2512 951 2589 fecisse,
979 2513 1032 2578 vel
1055 2514 1221 2600 incepisse
1244 2515 1386 2601 quidem,

182 2641 280 2707 quam
303 2627 340 2681 ut
362 2616 518 2692 Jesuitas,
543 2616 666 2703 quibus
689 2614 931 2681 inimicissimus
948 2627 1027 2692 erat,
1052 2616 1233 2704 sugillaret,
1257 2640 1386 2684 eorum-⁴

183 2745 248 2811 quc
260 2720 434 2796 doctrinae
445 2719 692 2795 adversaretur3
709 2719 823 2784 dicunt
836 2720 943 2795 etiam,
956 2742 996 2784 eo
1009 2719 1129 2786 adduci
1142 2743 1217 2786 eum
1229 2721 1388 2800 voluisse,

182 2835 220 2893 ut
235 2848 308 2892 cum
330 2823 486 2890 hostibus
507 2831 716 2910 pugnaturus
739 2843 774 2887 se
796 2821 951 2888 recedere
965 2845 1035 2888 non
1049 2832 1175 2910 posset.
1220 2824 1285 2890 Alii
1301 2825 1386 2913 adji-

184 3016 384 3027 ..........--——

252 3114 275 3182 ι)
292 3112 495 3184 ‚,Augustinus“
514 3112 531 3166 J
535 3112 643 3177 anserii,
653 3130 710 3183 cap.
724 3114 764 3168 28.
775 3110 1027 3183 libr.procemior.p.
1037 3115 1078 3168 24.
1089 3095 1139 3166 ccl.
1150 3116 1174 3169 2.
1185 3114 1217 3167 Ι).
1228 3113 1268 3179 E,
1278 3132 1339 3186 pag.
1347 3118 1387 3172 25.

184 3200 235 3253 col.
251 3203 272 3255 1.
287 3199 319 3253 A.
334 3217 403 3270 opus
415 3198 516 3252 Touru.

252 3286 278 3355 ²)
297 3285 346 3356 Ep.
367 3288 406 3341 17.
426 3285 458 3341 Ι),
475 3284 504 3337 L.
522 3289 547 3341 4.
565 3283 809 3338 Novembre'lssbl.
828 3283 854 3334 A
872 3282 1009 3336 Monsieur
1026 3283 1061 3336 du
1080 3283 1194 3356 Vergier
1211 3286 1245 3338 de
1263 3286 1387 3339 Heureue

185 3373 264 3425 Abba
283 3371 316 3424 de
334 3371 362 3425 S.
382 3371 478 3443 Cyrae,
496 3371 559 3424 chez
576 3369 716 3422 Monsieur
733 3367 766 3421 de
785 3367 875 3421 Beeux
892 3369 984 3421 hostes
1003 3368 1056 3422 hle
1068 3389 1115 3424 rue
1128 3371 1161 3425 dc
1174 3372 1199 3424 la
1210 3373 1313 3442 poteria
1326 3387 1389 3443 prez

187 3459 235 3512 des
248 3457 349 3512 Helles.
359 3459 385 3510 A
394 3458 486 3520 Peris3
499 3475 540 3528 ep.
556 3460 586 3513 19
597 3456 664 3509 D.L.
676 3455 700 3508 le
714 3458 754 3512 17.
768 3454 801 3507 de
814 3454 959 3508 Decembre
973 3459 1053 3518 1621;
1070 3474 1110 3528 ep.
1124 3461 1165 3514 21.
1179 3458 1211 3512 Ι).
1222 3458 1251 3512 L.
1264 3459 1289 3511 le
1303 3463 1343 3518 17.
1357 3459 1390 3512 de

187 3545 334 3598 Decembre
346 3546 425 3610 1621;
438 3562 480 3614 ep.
490 3547 531 3600 21.
542 3542 574 3596 Ι).
584 3543 613 3595 L.
622 3542 647 3595 le
657 3545 697 3598 20.
708 3541 741 3594 de
750 3540 858 3594 danvier
869 3545 948 3604 1622;
958 3561 999 3614 ep.
1011 3542 1078 3596 D.L.
1089 3545 1113 3598 le
1126 3550 1148 3600 l.
1160 3545 1304 3600 Decembre
1317 3549 1389 3602 1022.

255 3632 279 3702 ⁸)
298 3631 348 3702 Ep.
366 3633 408 3688 25.
422 3630 453 3683 D.
472 3630 501 3684 L.
514 3630 538 3682 lc
557 3629 660 3681 dernier
676 3627 878 3687 nectaream
897 3645 938 3700 ep.
952 3633 993 3686 79.
1007 3628 1038 3682 Ι).
1052 3629 1080 3686 L.
1094 3631 1118 3684 le
1130 3633 1171 3688 25.
1186 3631 1218 3685 de
1231 3631 1295 3704 May
1309 3636 1388 3694 16293

186 3735 227 3790 ep.
246 3719 288 3774 80.
309 3717 340 3773 D.
353 3717 382 3772 L.
395 3717 420 3771 le
437 3721 478 3774 29.
497 3717 558 3770 duin
578 3719 657 3777 16293
676 3732 717 3786 ep.
735 3717 777 3771 81.
789 3713 822 3768 D.
835 3713 864 3769 L.
882 3715 961 3772 1e30.
975 3717 1183 3781 d’Acust16293
1202 3737 1243 3790 ep.
1260 3721 1301 3775 88.
1315 3719 1348 3772 D.
1361 3719 1390 3772 L.

185 3806 210 3858 le
229 3807 270 3861 27.
295 3805 328 3858 de
347 3805 423 3857 Mars
443 3807 524 3866 163ος
549 3819 589 3874 ep.
611 3803 667 3858 102.
687 3800 719 3858 Ι).
737 3801 766 3854 L.
786 3801 810 3854 le
829 3803 869 3858 28.
889 3802 921 3856 de
940 3803 1014 3856 Mars
1035 3807 1114 3867 1631;
1134 3823 1175 3876 ep.
1195 3807 1251 3861 103.
1273 3805 1305 3860 Ι).
1325 3806 1354 3860 L.
1367 3795 1399 3860 le'

186 3895 226 3948 11.
239 3891 341 3944 d’Aurll
355 3894 428 3948 1631.

253 3980 279 4048 4)
298 3977 347 4048 Ep.
359 3980 400 4036 63.
414 3976 454 4029 De
467 3975 590 4028 Bruxelle
603 3975 626 4030 le
642 3978 682 4032 16.
697 3975 729 4028 dc
741 3974 833 4028 Juillet
845 3978 919 4032 1627.

254 4066 279 4134 ⁶)
299 4063 370 4117 Saue
383 4062 501 4133 quidem!
514 4060 632 4130 Sedquid
645 4060 810 4115 sentiendum
824 4061 857 4115 de
869 4078 931 4114 vero
942 4070 969 4114 et
980 4063 1083 4114 sincero
1097 4063 1183 4116 auimo
1197 4063 1283 4134 deque
1296 4066 1391 4119 eximie

186 4151 313 4222 religione
326 4149 452 4213 auctoris,
471 4147 514 4218 qui
534 4148 652 4217 quamvis
666 4147 732 4200 satis
746 4155 772 4200 et
785 4148 855 4202 clare
871 4147 989 4218 Bajanos
1002 4165 1070 4218 quos
1088 4150 1265 4216 resuscitavit,
1278 4169 1390 4206 renova·

185 4239 232 4303 vit,
256 4235 435 4308 propugnavit
456 4251 561 4286 errores
580 4233 635 4302 jam
661 4234 693 4286 ab
714 4234 827 4288 ecclesia
850 4233 948 4288 diserte
969 4234 1109 4288 damnatos
1127 4237 1214 4291 sciens
1232 4245 1320 4291 tamen
1338 4257 1391 4292 non

186 4324 298 4388 crubuit,
317 4339 365 4376 eos
383 4321 526 4374 defendere
546 4328 572 4374 et
590 4321 624 4373 ad
642 4320 852 4392 propugnandos
871 4337 919 4373 eos
938 4320 1151 4392 „Augustinum“
1168 4324 1263 4378 librum
1282 4343 1390 4397 compo·

186 4411 268 4464 nere?
304 4407 372 4472 Quid
403 4406 436 4461 de
460 4407 540 4461 effato
570 4408 646 4460 istius
676 4406 822 4460 moribundi
852 4405 877 4459 in
907 4415 1068 4462 testamento
1100 4411 1230 4464 exhibito:
1254 4420 1389 4466 auctorem

188 4494 365 4567 „Augustini“
384 4494 442 4547 libri
459 4512 488 4548 se
507 4495 593 4564 ipsum
608 4503 635 4546 et
650 4493 744 4547 librum
761 4509 838 4546 suum
851 4493 908 4546 sedi
920 4495 1084 4563 apostolicae
1096 4497 1237 4552 humillime
1251 4498 1389 4568 subjicere,

187 4591 217 4636 ut
229 4582 291 4653 quid
303 4582 363 4652 ipse
374 4580 527 4643 decreverit,
541 4587 626 4632 ratum
639 4579 825 4650 decretumque
839 4579 953 4634 habeat?
968 4611 998 4621 —
