3050 5046
661 305 863 408 „191-

152 509 268 598 itaque
287 531 349 596 per
368 509 490 588 Deum,
514 510 723 598 salutemque
743 518 898 588 vestram,
922 533 964 576 ex
985 533 1096 577 errore
1117 518 1151 576 et
1172 516 1256 575 nutu
1276 509 1369 576 illius

153 613 306 700 pendete.
351 612 402 679 Ne
431 635 515 680 uaso
545 614 634 680 ultra
661 614 848 700 suspendat
874 635 936 679 vos
962 614 1113 690 adunco,
1148 621 1186 678 ut
1213 609 1367 698 profecti)

151 717 331 803 Augustini
360 739 510 794 sensum,
540 740 612 784 cum
635 718 824 784 Tridentini
845 716 1003 794 Concilii,
1034 727 1067 782 et
1086 717 1226 782 aliorum
1247 716 1367 782 suffra·

150 841 334 906 ganeorum
363 819 532 897 Decretis,
570 829 671 908 atque
707 822 842 907 scriptis
878 842 1079 907 componere
1109 820 1289 896 studeatis,
1327 841 1367 885 ac

151 924 324 1010 satagatis,
348 923 430 988 nihil
451 933 562 989 tamen
583 925 661 988 mihi
684 924 818 1001 credite,
843 925 886 988 ob
909 925 1152 990 dissensionem
1174 933 1275 1012 atque
1297 923 1366 988 dis-

151 1027 355 1112 crepantiam
373 1026 476 1116 longia
497 1029 684 1104 maximam,
709 1029 868 1092 anausim
884 1027 995 1094 dicere
1010 1027 1186 1104 infinitam,
1210 1027 1367 1114 quicqum

151 1129 318 1206 efficietis3
353 1141 469 1216 aperta
495 1131 592 1195 nimis
619 1132 743 1207 omnia,
779 1141 880 1219 atque
905 1133 939 1195 in
967 1131 1136 1200 confesso,
1180 1131 1234 1196 ad
1259 1132 1366 1216 ipsam

150 1233 255 1298 totius
271 1234 317 1298 rei
335 1232 547 1310 decisionem,
564 1234 606 1300 ad
622 1245 777 1298 eventum
794 1255 960 1321 provoco:
983 1236 1049 1321 ipsi
1066 1257 1128 1300 vos
1143 1235 1202 1321 qui
1214 1234 1363 1315 Romam,

148 1337 192 1402 ad
217 1359 349 1402 causam
376 1337 551 1402 dicendam
577 1339 658 1402 estis
686 1339 794 1418 citati,
824 1360 862 1402 ea
889 1360 976 1425 quae
999 1338 1082 1418 dixi,
1110 1359 1189 1403 vera
1212 1360 1286 1402 csse
1307 1359 1365 1402 ex·

148 1440 328 1528 periemini.
373 1440 482 1505 Praua
505 1440 661 1527 dogmata
685 1451 814 1514 nostra,
839 1463 880 1506 ne
901 1441 1044 1528 amplius
1065 1449 1195 1507 vocate.
1240 1440 1365 1506 lutole·

146 1543 252 1609 rabile
269 1543 375 1620 vobis,
392 1545 579 1629 impiumve,
595 1566 637 1608 ne
649 1541 788 1609 ulteriirs
802 1545 963 1621 videatur,
980 1545 1008 1609 si
1025 1545 1207 1609 adversarii
1220 1553 1363 1610 vestram

146 1669 222 1714 cum
237 1646 387 1723 Lutheri,
405 1661 438 1712 et
453 1648 584 1713 Calvioi
600 1647 754 1712 doctrina
770 1648 953 1713 conferant.
991 1647 1193 1722 Calumnias,
1212 1648 1363 1734 injurias,

144 1750 287 1816 infames
318 1751 450 1828 titulos,
489 1760 522 1816 et
551 1749 617 1815 alia
647 1752 772 1838 quibus
798 1773 861 1816 vos
891 1763 1048 1840 gravant,
1082 1759 1183 1838 atque
1210 1759 1361 1828 onerant,

144 1854 404 1942 Antagonistne,
430 1855 595 1939 patienter
615 1854 715 1934 ferte,
739 1876 778 1919 ac
799 1855 950 1940 spiritum
973 1855 1138 1941 ipsorum,
1163 1854 1283 1920 exinde
1300 1876 1361 1920 uo·

145 1957 275 2021 biscum
297 1957 492 2043 dijudicate,
517 1979 647 2044 proque
669 1959 890 2022 conversione
911 1958 1108 2038 eorundem,
1133 1958 1238 2024 Deum
1256 1965 1361 2025 orate.

143 2059 210 2126 Per
235 2081 298 2124 vos
324 2067 433 2124 autem
461 2060 644 2146 triumphet
671 2063 874 2126 veritas...
900 2061 997 2126 Exite
1019 2061 1211 2147 Babylone,
1236 2083 1255 2124 ο
1279 2061 1360 2126 boni

145 2163 216 2226 viri.
260 2161 418 2228 Euoluite
439 2163 599 2248 proinde,
625 2164 771 2230 evolvite
793 2163 998 2252 diligentius,
1024 2165 1183 2229 trutinate
1210 2164 1361 2230 exactius

149 2265 286 2331 Concilii
302 2268 405 2331 vestri
420 2266 585 2332 Canones.
617 2267 740 2331 Nonne
757 2268 791 2332 id
808 2290 878 2333 can.
895 2269 925 2336 4.
942 2289 1024 2333 sess.
1041 2267 1071 2333 6.
1088 2268 1129 2332 ad
1146 2267 1362 2333 obtinendam

138 2369 391 2456 justificationis
424 2369 562 2456 gratiam
590 2372 765 2456 cooperari
792 2371 958 2436 hominem
981 2371 1071 2449 Deo,
1117 2394 1153 2436 se
1180 2371 1361 2456 disponere

143 2483 246 2560 atque
264 2495 473 2559 praeparare,
498 2481 616 2538 contra
631 2496 693 2538 vos
709 2473 824 2561 aperte
840 2476 966 2555 statuit,
989 2474 1151 2561 aliterque
1168 2475 1361 2550 sentientes,

141 2577 362 2641 Auathemate
388 2575 486 2641 ferit?
513 2599 625 2666 nonne
653 2577 830 2642 dissentire
857 2577 1022 2642 hominem
1045 2579 1074 2642 si
1095 2577 1191 2653 velit,
1221 2598 1361 2664 eamque

140 2679 281 2767 gratiam
318 2680 462 2767 abjicere
497 2701 598 2766 posse
633 2679 755 2745 ibidem
793 2680 915 2746 docet?
961 2702 1072 2767 neque
1110 2678 1197 2745 certe
1234 2679 1359 2745 frivola

140 2782 226 2847 haec
267 2784 475 2859 excusatio,¹
505 2783 681 2870 quicquam
720 2783 818 2848 vobis
854 2785 1104 2870 patrocinatur,
1150 2783 1228 2848 dum
1267 2783 1357 2862 talia,

142 2895 261 2950 contra
296 2884 426 2950 Calvini
465 2887 636 2973 dogmata,
683 2887 794 2972 posita
831 2909 905 2952 esse
940 2887 1169 2974 praetenditis.
1227 2885 1357 2954 Eccubi

137 2987 224 3053 enim
262 2989 291 3052 is
329 2990 418 3053 bona
455 2989 586 3066 merita,
624 3011 710 3076 quae
747 2995 857 3055 tamen
891 2991 1025 3055 nonnisi
1055 2991 1118 3056 Dei
1148 2999 1228 3055 sunt
1257 2990 1357 3068 dona,

141 3091 263 3179 negat?
309 3093 368 3156 ubi
406 3093 462 3156 ille
504 3093 687 3157 mercedem
724 3094 786 3158 Dei
828 3094 1003 3181 gratuitam
1040 3103 1140 3182 atque
1182 3102 1356 3180 paternam

140 3195 269 3281 rejicit?
301 3195 356 3260 vel
392 3217 433 3259 au
464 3218 609 3283 unquam
642 3196 816 3274 Calvinus,
854 3218 985 3283 nosque
1016 3219 1090 3262 cum
1119 3195 1194 3273 illo,
1224 3219 1266 3261 ex
1293 3195 1356 3263 ho·

141 3299 228 3362 mine
258 3297 461 3385 justificate,
500 3315 532 3363 et
563 3300 625 3362 sub
656 3301 762 3388 gratia
797 3300 921 3365 actuali
957 3301 1157 3378 constituto,
1201 3311 1355 3366 mancum

140 3409 243 3488 atque
259 3402 403 3487 stipitem
421 3401 583 3466 fecimus?
598 3425 638 3466 an
654 3403 705 3467 vel
722 3404 823 3468 semel
840 3404 974 3488 pietatis
988 3425 1090 3489 opera
1103 3405 1355 3470 damnavimus?

139 3526 181 3566 ne
204 3525 284 3590 ergo
305 3504 525 3588 patrocinium
543 3506 681 3569 Concilii
705 3508 876 3592 suscipite,
901 3529 941 3570 ne
964 3508 1029 3570 vim
1051 3507 1142 3572 illius
1159 3507 1353 3574 Canonibus

140 3605 255 3679 facite;
289 3629 330 3670 ne
353 3629 416 3692 pro
444 3608 578 3672 tuendis
604 3608 686 3686 illis,
717 3621 817 3696 atque
844 3609 1047 3686 asserendis,
1077 3619 1115 3675 ut
1141 3632 1204 3675 vos
1232 3611 1353 3689 dicitis,

139 3709 308 3774 effundere
335 3712 527 3797 sanguinem
555 3722 700 3776 vestrum
728 3715 849 3798 cupite.
894 3713 972 3778 Non
998 3711 1131 3800 frigide,
1162 3713 1221 3778 sed
1247 3711 1353 3801 rigide

137 3812 185 3877 illi
202 3812 436 3878 Conciliabulo
458 3813 590 3878 tandem
614 3816 842 3881 contradicite.
887 3816 1019 3903 Ecquid
1035 3838 1098 3882 vos
1111 3815 1351 3896 lansseuistae,

138 3925 282 3980 vestram
316 3915 358 3980 de
384 3918 492 4002 gratia
522 3918 583 3982 Dei
617 3940 730 4004 puram
763 3919 965 3998 doctrinam,
998 3941 1071 3983 cum
1102 3919 1352 4012 absurdissimis

136 4019 228 4084 illius
257 4019 438 4106 figmentis,
479 4021 657 4086 conciliare
687 4022 840 4087 nitimini!
886 4033 944 4086 ant
971 4021 1158 4110 Pelagium,
1197 4023 1352 4111 aliosque

128 4122 309 4208 suscipite,
333 4133 390 4188 aut
405 4123 593 4189 Tridentini
610 4125 751 4189 Concilii
772 4148 901 4190 errores
923 4125 1107 4212 repudiate.
1151 4127 1199 4190 Ac
1215 4147 1257 4191 ne
1274 4128 1350 4214 quis

137 4239 283 4290 vestrum
311 4225 377 4291 hoc
403 4224 422 4291 a
444 4249 494 4291 me
516 4229 563 4292 ita
585 4227 650 4292 dici
673 4229 822 4304 miretur,
851 4229 945 4313 ipsos
968 4248 1030 4291 vos
1045 4227 1180 4314 judices
1202 4229 1348 4316 appello.

137 4330 187 4394 An
204 4349 272 4394 non
288 4329 487 4418 Pelagianos
502 4329 702 4396 Jesuitarum
725 4353 854 4395 errores
870 4330 1023 4396 vocatis?
1052 4352 1093 4394 an
1109 4352 1179 4395 non
1195 4353 1237 4396 ex
1252 4332 1349 4398 Pela·

136 4433 310 4520 gianorum
342 4433 522 4518 pharetris,
557 4433 624 4498 tela
643 4433 791 4499 lesuitae
821 4445 939 4499 contra
968 4456 1031 4498 vos
1062 4433 1286 4520 depromunt?
1314 4443 1349 4502 at

137 4533 216 4601 veria
234 4535 479 4602 dissentinutne
494 4537 592 4602 iidem
607 4537 754 4603 Jesuitae
770 4536 789 4602 a
804 4537 955 4604 Concilio
972 4537 1194 4606 Tridentino?
1218 4539 1347 4610 discor·
