3084 5056
634 349 833 448 „PL

124 574 287 638 respuere
304 554 458 638 potuerit,
484 553 510 618 si
528 553 685 631 voluerit;
710 554 835 640 gratiae
851 552 1052 639 adjutorium
1067 551 1274 616 voluntatem
1290 551 1338 614 ita

126 658 388 732 sustentavisse,
411 668 448 720 ut
470 655 566 732 haec,
591 659 617 722 si
642 657 802 732 voluerit,
825 679 898 721 cum
920 656 977 720 illa
998 663 1134 741 operata
1156 655 1214 732 sit;
1238 653 1339 738 hujus

126 759 288 846 adjutorii
307 760 395 824 sicut
414 759 599 825 voluntatis
620 760 779 825 inflexum
804 761 837 824 io
860 782 945 845 opus
967 769 1153 824 manantem
1173 779 1196 822 a
1215 756 1336 822 volun·

126 863 207 926 tatis
228 863 334 949 ipsius
357 871 441 926 nutu
461 862 567 927 libero
590 865 800 950 pependisse,
825 864 918 928 salva
934 866 981 928 ita
996 869 1148 927 manente
1164 861 1222 926 illa
1237 859 1338 924 liber·

126 965 208 1030 tatis
224 966 258 1030 iu
273 975 448 1052 utramque
468 979 595 1050 partem
610 966 746 1032 flexibili
762 967 998 1032 indifferentia:
1027 965 1134 1030 fuisse
1148 985 1217 1029 uno
1234 963 1337 1028 verbo

126 1069 267 1156 gratiam
280 1067 508 1152 sufficientem,
521 1091 618 1156 quam
632 1069 733 1134 homo
747 1071 882 1156 rejicere
891 1068 1047 1158 potuerit,
1060 1065 1337 1156 quemadmodum

125 1193 246 1236 revera
274 1172 433 1256 rejecerit.
484 1172 521 1236 In
549 1181 637 1238 statu
666 1186 774 1238 autem
797 1185 934 1238 naturae
957 1173 1071 1258 lapsae
1092 1193 1159 1235 rem
1183 1170 1279 1235 aliter
1302 1190 1338 1234 se

123 1275 261 1340 habere.
307 1273 455 1340 Gratiam
471 1275 525 1340 hic
542 1276 668 1340 homini
690 1277 839 1362 praeberi
860 1275 1069 1340 nullomodo
1091 1275 1123 1338 in
1142 1275 1214 1360 ejus
1230 1272 1337 1338 libero

126 1377 268 1442 arbitrio
284 1377 447 1454 relictam3
471 1377 542 1442 dari
559 1390 638 1455 eam,
663 1401 760 1466 quam
777 1380 819 1444 ad
834 1379 962 1444 libitum
980 1400 1047 1443 non
1065 1378 1172 1464 possit
1187 1377 1341 1461 excipere

124 1479 182 1544 vel
210 1501 384 1566 respuere,
408 1502 494 1567 quae
519 1482 636 1567 potius
662 1483 785 1549 invicte
804 1481 921 1559 faciat,
950 1490 988 1547 ut
1004 1481 1104 1559 ‘velit;
1134 1480 1337 1566 adjutorium

123 1606 217 1648 nunc
238 1583 363 1669 gratiae
384 1584 540 1661 concedi,
564 1587 656 1672 quod
679 1587 798 1652 reddat
818 1586 904 1676 velle
927 1585 1150 1661 voluntate1n3
1172 1583 1240 1649 hoc
1260 1583 1336 1668 ipso

124 1687 223 1762 enim,
248 1708 316 1774 quo
339 1687 436 1754 detur
451 1688 618 1766 voluntas,
643 1690 740 1756 simul
761 1713 859 1757 usum
875 1690 947 1776 ejus
964 1697 997 1754 et
1011 1687 1170 1753 influxum
1187 1693 1337 1773 potesta-

124 1791 171 1854 tis
192 1789 273 1855 dari.
318 1789 403 1854 Esse
425 1791 508 1854 enim
530 1791 598 1856 hoc
614 1793 732 1879 ipsum,
757 1793 850 1880 quod
872 1800 992 1878 suapte
1007 1791 1156 1856 efficacia
1170 1789 1273 1854 faeiat
1287 1789 1337 1854 in·

124 1893 228 1962 liuere
241 1893 443 1968 facultatem,
460 1915 521 1960 nec
533 1894 703 1960 facultatis
719 1897 826 1982 ipsius
841 1895 947 1960 libero
963 1894 1136 1961 arbitratui
1152 1893 1336 1980 subjaceat.

91 2009 94 2016 “
128 1996 191 2060 sed
216 1997 340 2062 invicte
360 1996 472 2073 faciat,
495 2007 533 2063 ut
553 1999 620 2064 hoc
637 2000 689 2066 vel
710 1999 801 2064 istud
817 1999 989 2064 arbitrium
1004 1998 1182 2064 arbitretur
1197 2008 1231 2061 et
1245 1994 1337 2064 velit.

129 2099 247 2164 Talem
274 2122 347 2166 esse
372 2099 531 2166 inflexum
558 2103 665 2167 omnis
686 2124 806 2167 causae
828 2101 991 2192 formalis,
1015 2101 1082 2166 hoc
1102 2101 1177 2186 ipso
1201 2099 1336 2186 quippe,

129 2224 211 2288 quo.
222 2201 306 2268 adsit
322 2203 465 2289 justitia,
488 2203 545 2268 liat
554 2205 669 2290 justus
685 2207 814 2270 animus
831 2221 864 2270 et
879 2205 950 2269 sine
965 2204 1022 2268 illa
1032 2205 1161 2292 justum
1178 2224 1251 2268 esse
1267 2223 1336 2266 non

129 2325 240 2390 posse.
285 2305 416 2370 Tantae
436 2309 645 2372 necessitatis
665 2331 739 2374 esse
760 2310 908 2396 gratiam,
931 2318 969 2372 ut
984 2309 1055 2372 sine
1070 2308 1128 2372 illa
1143 2329 1211 2372 non
1228 2306 1338 2392 possit

127 2407 266 2474 effectus
287 2409 356 2474 fieri
377 2418 557 2498 tantaeque
579 2411 759 2487 efficaciae,
784 2423 821 2478 ut
837 2412 902 2477 hoc
918 2413 1009 2498 ipse,
1033 2433 1100 2498 quo
1118 2411 1231 2487 detur,
1255 2430 1337 2474 eon-

127 2512 222 2576 tinno
251 2511 317 2580 fiat.
364 2511 510 2578 Gratiam
536 2535 609 2579 esse
639 2516 818 2602 ejusmodi,
858 2537 944 2603 quae
970 2515 1026 2580 det
1050 2513 1148 2580 simul
1175 2534 1276 2598 posse
1304 2520 1338 2576 et

126 2615 273 2700 operari:
298 2637 372 2680 esse
387 2617 537 2703 gratiam,
561 2641 628 2682 uno
646 2620 759 2696 verbo,
776 2619 953 2694 efficacem,
970 2640 1067 2706 qnam
1084 2618 1219 2704 rejicere
1235 2615 1336 2682 homo

125 2740 195 2782 non
216 2719 334 2804 possit.
381 2720 639 2807 Cognoscimus,
662 2744 730 2808 qua
750 2723 783 2785 in
800 2743 902 2786 causa
916 2721 1094 2787 Jansenius
1111 2743 1183 2786 cum
1199 2718 1335 2807 Pelagio

127 2822 309 2906 disceptet,
334 2823 512 2910 quiquam
535 2825 671 2911 gratiam
688 2825 873 2892 concedere
889 2825 1057 2904 videatur,
1081 2823 1335 2910 possibilitatem

127 2925 212 2988 bene
234 2925 354 3011 agendi
375 2927 606 3012 praebentem,
630 2929 886 3014 possibilitatem
908 2951 927 2993 a
946 2928 1121 2994 voluntate
1149 2937 1182 2994 et
1202 2927 1336 2994 actione

127 3028 292 3104 distinxit,
315 3029 361 3094 ita
376 3040 414 3094 ut
430 3052 554 3116 posse
570 3032 703 3118 quidem
719 3033 761 3097 ad
777 3033 884 3108 deum,
907 3032 1018 3098 velle
1033 3041 1143 3098 autem
1159 3039 1193 3096 et
1213 3053 1335 3120 agere

126 3130 171 3198 ad
192 3130 359 3198 hominem
382 3135 547 3218 pertinere
570 3135 760 3202 contendat.
805 3136 965 3202 Sanctum
980 3137 1201 3226 Augustinum
1222 3143 1333 3202 autem

128 3242 246 3300 contra
266 3235 437 3323 Pelagium
464 3237 680 3306 disserentem
702 3239 786 3306 male
811 3239 1001 3316 intellexit,
1021 3241 1078 3327 qui
1100 3240 1332 3328 (Augustinus)

128 3337 301 3404 dumtaxat
321 3339 478 3404 auxilium
501 3343 594 3416 „sine
617 3353 716 3430 quo“‚
741 3345 812 3408 sive
832 3343 990 3408 auxilium
1010 3343 1247 3430 possibilitatis
1263 3364 1334 3410 eam

129 3441 265 3526 gratiam
282 3464 356 3506 esse
372 3443 517 3519 volebat,
541 3466 627 3530 quae
643 3468 710 3510 non
727 3446 769 3510 ad
790 3446 962 3512 facilius
978 3448 1131 3512 virtutem
1148 3469 1333 3534 exsequen-

128 3543 203 3608 dam
226 3545 503 3632 quemadmodum
519 3547 674 3635 Pelagius
696 3549 855 3631 doeebat,
884 3551 943 3616 sed
970 3551 1162 3617 absolute
1184 3574 1222 3616 ae
1244 3553 1335 3616 sim·

127 3646 298 3732 pliciter
320 3649 363 3714 ad
384 3649 468 3714 bene
490 3651 653 3737 agendum
675 3655 864 3720 necessaria
884 3665 983 3722 esset.
1028 3653 1181 3740 Denique
1203 3677 1244 3719 ex
1266 3655 1332 3720 illis

126 3749 159 3816 S.
175 3751 351 3838 Augustini
375 3753 533 3818 exhibitis
549 3755 611 3818 sibi
627 3755 731 3830 finxit,
754 3761 870 3823 merita
886 3779 924 3822 ac
939 3759 1218 3844 perseverantiam
1235 3759 1332 3845 primi

126 3853 270 3919 hominis
289 3856 479 3921 innocentis
501 3879 570 3922 non
592 3860 751 3944 specialia
772 3861 825 3926 dei
846 3861 936 3926 dona
956 3861 1071 3939 fuisse,
1094 3861 1154 3926 sed
1169 3883 1211 3926 ex
1225 3861 1332 3928 libero

126 3957 310 4022 voluntatis
327 3960 464 4024 arbitrio
481 3961 691 4047 profluxisse.

187 4061 367 4126 Jansenius
378 4064 429 4128 'ad
453 4085 545 4128 suam
563 4065 843 4150 comprobandam
860 4069 1057 4133 sententiam
1074 4071 1202 4145 asserit,
1226 4077 1331 4136 totam

127 4164 389 4229 controversiam
409 4167 496 4232 inter
511 4167 544 4232 S.
561 4169 781 4254 Augustinum
804 4179 837 4234 et
851 4170 1050 4258 Pelagianos
1066 4182 1168 4259 atque
1183 4173 1331 4260 Semipe-

126 4265 277 4352 lagianos
298 4267 332 4330 in
355 4289 394 4332 eo
416 4271 562 4355 positam
583 4271 699 4350 fuisse,
723 4274 814 4358 quod
837 4274 1004 4362 Pelagiani
1026 4287 1060 4340 et
1076 4276 1332 4364 Semipelagiani

127 4367 369 4446 affirmaverint,
393 4373 530 4458 gratiam
553 4373 680 4439 homini
694 4375 727 4440 in
744 4385 834 4440 statu
850 4386 988 4442 naturae
1003 4378 1119 4464 lapsae
1136 4401 1331 4448 concessam

128 4471 222 4536 talem
239 4494 324 4546 esse,
341 4476 393 4538 cui
410 4485 468 4540 aut
478 4477 634 4554 resistere
646 4477 747 4542 homo
757 4480 878 4564 possit,
894 4491 952 4546 aut
963 4482 1115 4560 obedire;
1131 4481 1330 4572 S.Augusti-

127 4596 188 4640 nus
208 4595 289 4641 vero
311 4574 478 4656 docuerit,
501 4579 579 4645 huic
605 4581 714 4648 resisti
740 4603 809 4648 non
829 4603 939 4667 posse.
984 4584 1051 4650 Sed
1067 4597 1177 4652 tamen
1192 4597 1328 4654 contro-
