3084 5056
780 344 822 412 34

217 550 342 606 Interiori
362 550 465 622 gratiae
487 548 586 604 efficaci
597 547 767 601 necessariae
784 559 920 618 nunquam
931 547 1148 655 resi-loperandi,
1158 565 1206 602 scu
1217 547 1418 602 saltemsrandi

181 636 208 689 in
221 645 294 690 statu
310 644 423 690 naturae
434 636 528 708 lapsae
541 652 585 690 ea·
597 634 684 700 stitur,
693 633 801 701 hoccst,
810 651 946 705 nunquam
954 634 1000 686 illa
1008 634 1186 700 necessariae,
1204 635 1231 688 in
1248 642 1321 688 statu
1333 642 1417 689 natu·

181 730 261 777 tenus
285 741 419 795 nunquam
442 723 584 788 resistitur,
596 719 740 774 frustratur
768 739 801 774 eo
831 721 941 786 effectu,
965 719 999 774 ad
1008 738 1055 776 rae
1078 722 1180 793 lapsae,
1205 721 1348 792 aliquando
1370 739 1416 776 rc-

182 819 314 880 quatenus
332 811 456 864 voluntas
474 809 585 864 hominis
596 807 900 880 quemaDeoproximc
911 807 997 860 datur.
1009 809 1120 874 sistitur,
1144 809 1196 862 hoc
1220 821 1271 874 est,
1295 809 1340 862 illa
1365 811 1415 863 ali-

143 923 147 934 «
181 905 307 969 r'espectu
336 897 438 968 gratiae
469 895 584 950 efficacis
630 893 798 948 Sustinemus
827 913 859 948 ac
887 895 998 948 demon·
1008 893 1306 966 quandofrustraturco
1314 895 1416 950 effectu

181 1001 254 1038 merc
271 985 381 1055 passive
399 1001 430 1038 sc
450 983 538 1048 habet,
559 991 585 1036 et
596 986 682 1034 strare
706 982 794 1052 parati
814 999 906 1035 sumus
930 981 1043 1035 hanced
1067 999 1146 1054 quem
1170 999 1187 1036 a
1209 981 1270 1036 lico
1289 984 1415 1054 proximis

181 1071 254 1126 velut
262 1070 584 1141 inanimequoddamnihil
595 1069 806 1139 propositionem
845 1070 879 1122 ad
919 1069 1094 1123 lidemdatur.

182 1159 289 1212 omnino
308 1159 371 1229 agit,
391 1175 440 1212 neo
453 1175 583 1229 coopera·
596 1154 733 1208 Ecclesiae
757 1157 899 1227 pertinere,
923 1158 996 1210 etin
1043 1156 1226 1223 Sustinemus,
1249 1174 1281 1210 ac
1304 1163 1415 1210 ‹lemon-

181 1252 233 1311 tur,
246 1262 295 1298 nec
310 1245 393 1298 libero
405 1245 558 1298 assentitur.
596 1240 687 1295 Sancti
710 1243 854 1314 Augustini
876 1243 998 1297 doctrina
1008 1251 1095 1297 strare
1118 1245 1205 1315 parati
1230 1247 1323 1298 sumus
1343 1245 1414 1297 hanc

217 1331 292 1386 Haec
301 1330 454 1403 propositio
469 1330 583 1384 esthae-
594 1327 767 1382 indubitatam
780 1347 850 1383 esse.
1007 1331 1232 1402 propositionem,
1267 1347 1336 1402 quae
1368 1339 1414 1386 est

181 1419 272 1483 retica,
298 1417 465 1483 Calviniana,
485 1417 583 1470 Luthe·

181 1522 255 1570 rana,
269 1512 295 1558 et
308 1521 324 1557 a
337 1503 456 1558 Concilio
469 1503 582 1557 Triden-

180 1594 237 1646 tino
255 1592 388 1647 damnata.

215 1679 294 1732 Alius
307 1678 410 1732 Sensus
419 1676 566 1730 Errousus.

213 1767 337 1820 interiori
346 1764 449 1837 gratiae
462 1769 583 1834 sumptae

179 1871 230 1924 pro
237 1853 353 1924 simplici
364 1851 479 1922 quadam
488 1850 583 1902 illumi-

179 1941 287 1994 natione
306 1938 455 1992 intelleetus
474 1944 502 1991 et
520 1953 584 1989 sua-

1007 1417 1138 1484 Molinae,
1158 1426 1184 1472 et
1197 1418 1412 1472 adversariorum

1008 1521 1070 1558 csse
1079 1504 1259 1576 Pelagianam,
1272 1505 1336 1574 quia
1348 1522 1412 1576 gra-

1006 1593 1060 1644 tiae
1095 1590 1194 1644 Christi
1224 1591 1259 1644 ad
1289 1591 1410 1662 singulos

1007 1684 1082 1730 aetus
1109 1678 1280 1731 necessariae
1308 1678 1361 1730 vim
1384 1686 1412 1730 ct

925 1769 927 1775 ⁴
1007 1764 1152 1818 efficaciam
1165 1765 1286 1818 destruit
1318 1765 1410 1835 Atque

1006 1852 1045 1904 ita
1054 1851 1215 1905 declaratum
1225 1859 1268 1904 est
1276 1852 1303 1905 in
1310 1850 1409 1923 Congr,

1006 1937 1128 1994 Romana
1140 1938 1173 1992 de
1185 1937 1310 1992 Auxiliisl
1362 1955 1366 1962 ·

180 2027 256 2080 sione
287 2026 431 2080 voluntatis
458 2025 486 2077 in
511 2030 584 2076 statu

179 2121 291 2167 naturae
324 2113 419 2184 lapsae
447 2127 583 2181 nunquam

180 2200 322 2255 resistitur.

213 2287 288 2340 Haeo
299 2285 450 2358 propositio
458 2282 582 2347 estfalsa,

180 2383 207 2429 et
221 2390 341 2439 erronea,
352 2371 415 2443 quia
424 2371 486 2426 talis
496 2371 583 2442 gratia

179 2479 233 2516 non
247 2469 290 2515 cst
302 2477 366 2514 vera
377 2459 464 2532 gratia
477 2457 583 2522 Christi,

178 2557 209 2603 ut
230 2549 310 2602 docet
328 2547 356 2601 S.
369 2544 538 2618 Augustinus
557 2546 583 2597 in

178 2637 221 2692 lib.
236 2635 268 2688 de
281 2635 368 2706 gratia
381 2632 487 2688 Christi.

213 2722 291 2776 Alius
304 2721 407 2775 Sensus
420 2719 566 2773 Erroneus.

214 2808 338 2863 interiori
358 2807 461 2878 gratioe
484 2804 583 2860 Christi

180 2913 240 2948 cum
250 2895 335 2948 adhuc
345 2912 429 2965 parva
439 2900 489 2958 est,
499 2901 527 2945 et
537 2891 584 2944 dat
620 2941 625 2960 ¹

178 2990 283 3036 tantum
294 2981 459 3034 voluntatem
473 2979 582 3032 inchoa-

178 3077 241 3136 tam,
254 3069 282 3121 in
292 3075 364 3121 statu
373 3066 583 3137 naturaelapsac

178 3173 314 3227 nunquam
334 3154 476 3219 resistitur,
499 3169 582 3224 quan-

179 3249 235 3298 tum
246 3242 280 3296 ad
287 3241 411 3296 effectum
420 3239 582 3304 interiorem,

178 3329 304 3400 adquam
320 3327 446 3400 disponit.

212 3415 287 3469 Haeo
296 3414 447 3486 propositio
458 3411 582 3478 estfalsa,

181 3509 208 3557 et
221 3519 343 3556 erronea.

649 3561 751 3619 Tertia
766 3559 940 3629 Propositio.

626 3649 769 3706 Fabrioata
792 3657 820 3703 et
842 3649 966 3702 exhibita.

255 3742 308 3808 Ad
329 3741 521 3808 merendum
544 3747 578 3806 et
600 3737 834 3806 demerendum
856 3737 891 3802 in
914 3743 1006 3802 statu
1028 3741 1168 3799 naturae
1191 3730 1307 3817 lapsas
1330 3750 1399 3796 non

192 3847 376 3934 requiritur
397 3845 432 3910 in
451 3844 586 3910 homine
609 3842 748 3908 libertas
771 3863 790 3906 a
809 3841 1024 3920 necessitate,
1047 3836 1108 3902 sed
1123 3833 1249 3900 sufficit
1263 3834 1399 3901 libertas

193 3972 213 4014 a
236 3949 421 4016 coactione.

239 4069 342 4124 Sensus
355 4067 522 4131 Hacretious,
594 4064 687 4118 Tertia
693 4059 997 4134 Propositio,utanobis
1008 4056 1163 4129 Propositio
1181 4053 1291 4109 Tertiae
1304 4061 1406 4108 contra·

178 4156 223 4228 qui
232 4156 327 4210 tertiae
336 4153 516 4225 propositioni
526 4169 582 4205 ma·
605 4150 768 4222 intelligitur,
782 4167 813 4202 ao
826 4148 985 4202 defenditur.
1007 4145 1047 4199 ria
1071 4145 1104 4197 ab
1132 4143 1293 4197 adversariis
1317 4139 1406 4196 defen·

177 4244 249 4314 ligne
262 4241 359 4312 'affingi
375 4247 485 4312 posset,
505 4257 582 4310 quem
628 4237 673 4292 Ad
689 4236 844 4291 merendum
857 4241 893 4305 ,et
909 4240 997 4290 deme·
1166 4230 1245 4285 ditur.

180 4338 270 4386 tamen
282 4327 399 4402 legitime
412 4333 518 4398 sumpta
530 4344 582 4378 non
594 4325 705 4380 rendum
733 4324 760 4376 in
790 4330 862 4377 statu
885 4329 997 4375 naturae
1042 4316 1087 4372 Ad
1103 4317 1257 4372 merendum
1275 4323 1303 4370 et
1320 4314 1406 4369 deme·

339 4415 427 4471 habet.
595 4413 688 4484 lapsae
717 4428 772 4463 non
801 4409 944 4480 requiritur
971 4407 997 4460 in
1008 4405 1118 4459 rendum
1146 4406 1174 4458 in
1202 4411 1275 4457 statu
1298 4410 1406 4456 naturae

212 4504 257 4558 Ad
274 4502 430 4557 merendum
447 4507 475 4556 et
492 4499 580 4553 deme·
594 4498 699 4553 homine
717 4497 827 4552 libertas
846 4513 862 4549 a
879 4494 998 4549 necessi·
1008 4493 1102 4564 lapsae
1113 4489 1255 4563 requiritur
1265 4490 1292 4543 in
1305 4487 1406 4542 homins

175 4589 287 4648 rendum
316 4591 343 4644 in
374 4596 446 4644 statu
470 4593 582 4644 naturae
594 4595 650 4644 tete
662 4583 864 4652 infallibilitatis,
877 4583 927 4640 sed
941 4581 998 4639 suf-
1008 4579 1120 4636 libertas
1145 4595 1162 4634 a
1184 4575 1348 4634 necessitate
1369 4573 1406 4628 in·
