3050 5046
763 341 810 408 74'

681 429 881 442 *uun—n-

174 541 412 630 „Divulgatum
427 545 459 610 in
475 545 549 610 istis
562 547 714 633 partibus
731 554 873 623 constat,
890 549 1067 635 quemdam
1083 549 1232 628 sciolum,
1250 553 1382 618 nomine

72 715 77 723 ,
177 645 436 712 Gotaschaleum
468 649 557 736 apud
586 671 649 715 vos
678 673 817 723 manere,
847 653 905 738 qui
929 651 1140 741 dogmatizat,
1172 655 1265 743 quod
1288 679 1382 743 prae·

175 749 260 816 dest
237 759 320 815 trtna
322 751 354 815 io
307 751 433 816 tDei
456 773 584 817 omnem
607 753 772 819 bominem
795 754 840 819 ita
857 757 1074 844 constringat,
1096 766 1134 822 ut
1150 759 1247 822 etiam
1264 760 1383 848 siquis

175 853 257 919 velit
272 854 386 920 salvus
408 855 488 931 fieri,
511 867 545 921 et
560 877 621 942 pro
638 857 704 922 hoc
719 857 783 922 fida
796 865 939 924 rectat
904 880 922 921 a
925 865 1005 946 tque
1020 860 1119 924 bonis
1137 863 1296 946 operibus
1312 885 1383 928 cer·

190 935 296 1034 et,ut
321 958 362 1022 ad
393 959 493 1023 vitam
521 970 685 1026 aeternam
712 983 773 1047 per
802 961 860 1026 Dei
887 963 1024 1048 gratiam
1052 963 1174 1042 veniat,
1200 964 1325 1031 frustra
1351 976 1384 1032 et

173 1061 341 1126 incassum
369 1057 510 1139 laboret,
540 1064 568 1128 si
596 1085 664 1128 nou
691 1073 743 1129 est
763 1064 1032 1150 praedestinatus
1054 1067 1096 1132 ad
1120 1068 1230 1134 vitam
1280 1068 1386 1150 Quasi

174 1163 281 1228 Deus
290 1165 595 1250 praedestinatione
619 1189 680 1232 sua
702 1179 803 1256 cogat
824 1167 1065 1234 homiuem't
1016 1176 1065 1234 rut
1067 1169 1158 1245 crire,
1183 1171 1240 1257 qui
1266 1181 1385 1238 auctor

173 1275 225 1332 eat
240 1266 369 1343 salutis,
390 1290 458 1334 non
476 1269 743 1356 perditionis¹).“

236 1369 400 1437 Omnibus
430 1373 551 1438 erroris
581 1373 747 1458 capitibus
771 1395 789 1436 a
812 1373 944 1462 synodo
974 1374 1174 1460 Mogontina
1197 1363 1284 1439 auno
1308 1375 1380 1445 848.

171 1475 369 1561 proscriptis
393 1474 664 1541 Gothesohalcus
686 1475 931 1563 professionem
961 1477 1039 1542 fidei
1063 1478 1104 1543 de
1132 1479 1261 1566 gemina
1282 1501 1380 1566 prae-

172 1577 410 1654 destinatione,
442 1580 671 1666 in‘cipientem:
700 1580 794 1668 „Ego
826 1579 1073 1646 Gothescalcus
1104 1581 1206 1647 oredo
1236 1589 1269 1647 et
1299 1602 1380 1647 cou-

170 1681 282 1760 fiteor,
408 1683 501 1771 quod
532 1683 661 1770 gemina
691 1692 743 1776 est
769 1683 1034 1770 praedestinatio
1065 1685 1195 1768 oet.2)“
1219 1683 1380 1762 exhibuit,

171 1805 269 1873 quam
286 1786 437 1872 patribus
454 1808 636 1874 eorumque
653 1786 797 1874 praesidi
818 1787 959 1852 Rabano
977 1787 1115 1866 obtulit3
1138 1789 1215 1852 item
1230 1787 1378 1853 libellum

169 1887 316 1966 tradidit,
340 1911 408 1975 quo
431 1900 549 1955 eontra
571 1891 690 1956 librum
707 1891 880 1956 aRabano
897 1889 1135 1979 adNotingam
1151 1891 1380 1957 Veronensem

133 1981 135 1984 ⁵
170 1991 211 2056 de
226 1993 532 2078 praedestinatione
548 1995 709 2080 scriptum
724 1995 872 2060 luctatus
888 1994 1086 2059 Rabanum
1077 2017 1111 2058 ru
1124 1995 1379 2114 quaestionibus

169 2093 210 2159 de
231 2094 337 2160 libero
360 2097 499 2161 arbitrio
520 2105 554 2160 et
541 2097 616 2162 tde
636 2098 757 2163 volunt
743 2106 811 2163 tate
832 2098 886 2162 dei
907 2119 947 2163 ac
962 2096 1191 2182 redemptione
1206 2099 1379 2187 sanguinis

168 2197 293 2264 Christi
319 2199 361 2264 ad
388 2201 533 2264 omnium
560 2201 700 2266 salutem
725 2200 820 2266 effusi
844 2201 1060 2266 disserentem
1086 2201 1377 2289 semipelagianum

169 2322 243 2366 esse
260 2301 521 2387 denuntiavit³).

233 2405 386 2493 Denique
409 2405 449 2469 ad
472 2405 686 2469 Hinemarum
707 2403 937 2479 Rhemensem,
961 2405 1004 2470 ad
1023 2423 1124 2492 ‘quem
1148 2407 1259 2494 adque
1281 2410 1377 2496 eujus

167 2507 344 2574 dioecesim
368 2517 402 2574 et
418 2508 687 2595 jurisdictionem
709 2507 910 2594 pertinebat,
933 2509 1055 2574 missus
1078 2517 1138 2586 est,
1156 2511 1376 2600 jurejurando

168 2611 361 2685 obstrictus,
392 2635 428 2676 se
453 2631 623 2699 nunquam
652 2610 686 2674 in
712 2631 849 2696 regnum
880 2609 1044 2676 Ludovici
1072 2611 1254 2679 rediturum
1284 2637 1377 2694 asse;

168 2737 234 2780 una
249 2715 346 2780 simul
362 2715 461 2779 missa
477 2723 529 2780 est
545 2735 618 2780 cum
633 2713 800 2779 monacho
816 2715 963 2799 epistola
978 2713 1142 2802 synodica
1156 2716 1205 2780 ita
1220 2738 1376 2784 monens:

166 2817 312 2896 „Notum
334 2819 377 2883 sit
399 2817 578 2884 Dilectioui
599 2826 739 2893 vestrae,
763 2817 1011 2906 quodquidam
1033 2817 1235 2906 Gyrovagus
1256 2822 1376 2887 Mona-

167 2921 262 2997 chus,
288 2924 422 2987 nomine
449 2920 663 2997 Gothescalc,
691 2921 749 3006 qui
775 2942 812 2986 se
835 2923 955 2986 asserit
977 2920 1184 2988 sacerdotem
1206 2924 1241 2988 in
1263 2932 1377 2990 vestra

167 3024 328 3112 parochia
351 3024 551 3100 ordinatum,
575 3024 616 3089 de
638 3023 735 3089 Italia
758 3025 851 3088 veuit
873 3024 915 3089 ad
939 3045 1002 3088 uos
1025 3024 1245 3111 Mogontiam,
1267 3049 1375 3094 noras

166 3130 432 3216 superstitiones,
463 3142 497 3194 et
526 3127 660 3193 noxiam
690 3127 878 3192 doctrinam
904 3126 946 3191 de
976 3127 1282 3213 praedestinatione
1312 3131 1374 3197 Dei

165 3233 393 3308 introducens,
417 3240 451 3298 et
473 3230 620 3318 populos
635 3230 669 3294 in
686 3250 829 3295 errorem
846 3231 996 3299 mittens:
1021 3230 1146 3309 diceus,
1168 3233 1261 3320 quod
1278 3255 1374 3320 prae·

164 3336 344 3403 destinatio
362 3337 432 3412 Dei,
448 3335 536 3400 sicut
549 3334 583 3398 in
600 3334 701 3408 bono,
724 3332 792 3414 (sit)
809 3333 857 3396 sie
873 3333 919 3398 ita
936 3333 1018 3398 etin
1034 3334 1137 3400 malo:
1155 3345 1188 3401 et
1202 3337 1288 3402 tales
1305 3339 1374 3404 sint

164 3439 198 3506 in
213 3439 280 3506 hoc
295 3441 419 3506 mundo
436 3437 580 3527 quidam,
602 3437 660 3524 qui
675 3444 814 3523 propter
828 3434 1168 3521 praedestinationem
1183 3439 1254 3519 Dei,
1271 3461 1374 3527 quae

166 3565 239 3610 eos
266 3553 388 3632 cogat
413 3545 452 3608 iu
481 3549 645 3606 mortem
673 3541 745 3615 ire,
769 3561 838 3634 non
855 3549 995 3626 possent
1008 3543 1177 3626 (possunt)
1194 3544 1235 3608 ab
1251 3565 1374 3623 errore,

165 3661 198 3715 et
214 3656 352 3736 peccato
369 3669 405 3712 se
422 3646 604 3734 corrigerer
628 3643 747 3731 quasi
769 3643 879 3708 Deus
901 3665 970 3708 eos
990 3642 1229 3710 fecissetab
1245 3645 1373 3712 initio

164 3751 482 3839 incorrigibiles
498 3749 608 3831 (esse),
625 3760 659 3812 et
673 3767 803 3833 poenae
820 3747 989 3812 obnoxios
1004 3747 1172 3812 interitum
1188 3749 1244 3814 ire.
1277 3749 1374 3817 Hanc

163 3865 242 3941 ergo
259 3855 450 3941 opinionem
472 3872 580 3936 nuper
598 3850 633 3914 in
648 3849 790 3937 Synodo
808 3850 898 3937 apud
914 3851 1123 3938 Moguntiam
1140 3851 1255 3918 habita
1271 3853 1314 3918 ab
1331 3876 1372 3918 eo

164 3957 348 4036 audientes,
377 3964 410 4021 et
438 3952 698 4042 incorrigibilem
724 3975 798 4018 eum
828 3953 1042 4039 reperientes,
1074 3963 1241 4020 annuente
1270 3964 1374 4044 atque

158 4061 300 4150 jubente
323 4059 473 4146 piissimo
496 4058 588 4144 Rege
611 4065 728 4122 nostro
751 4055 936 4128 Ludorico.
960 4057 1168 4122 decrevimus
1200 4081 1271 4123 euru
1299 4083 1372 4126 oum

164 4164 348 4254 pernitiosa
378 4183 440 4226 sua
466 4161 619 4227 doctrina
644 4160 834 4227 damnatum
866 4161 995 4226 mittere
1025 4160 1067 4225 ad
1097 4183 1176 4236 vos,
1207 4171 1373 4250 quatenus

165 4279 239 4336 eum
260 4264 442 4334 recludatis
464 4264 498 4329 in
521 4273 635 4330 vestra
657 4261 832 4340 Perochia,
855 4263 944 4329 unde
959 4262 1148 4328 inordinate
1163 4265 1317 4344 recessit3
1341 4275 1375 4334 et

164 4393 233 4438 non
260 4369 377 4436 sinatis
400 4389 474 4434 eum
497 4366 639 4454 amplius
662 4388 805 4433 errorem
821 4365 953 4443 docere,
980 4373 1013 4431 et
1035 4366 1195 4433 seducere
1210 4368 1372 4457 populum

165 4527 366 4544 Μ

167 4619 169 4626 ’
232 4592 255 4662 ¹)
274 4589 355 4662 Apud
367 4589 469 4645 Touru.
503 4591 530 4661 ²)
549 4588 643 4656 Kurta,
655 4589 672 4643 1.
685 4608 707 4644 c.
743 4590 768 4660 ⁸)
787 4586 1098 4661 TournelyetKurta,l.
1112 4605 1133 4642 c.
