3084 5056
530 1369 701 1464 hectori
720 1339 951 1465 benevolo!

133 1596 250 1716 Quum
267 1665 382 1708 eorum
398 1645 671 1732 presbyterorum
687 1654 721 1708 et
737 1645 885 1720 fratrum,
901 1663 989 1730 quos
1006 1641 1049 1706 ad
1064 1641 1341 1707 subscribendum

134 1763 316 1828 humillime
345 1765 501 1840 invitavi,
540 1765 700 1850 perpauci
736 1773 864 1829 tantum
894 1784 1006 1828 aurern
1035 1761 1116 1826 mihi
1151 1773 1253 1848 atque
1283 1783 1342 1826 eor

133 1885 333 1970 copiamque
351 1883 518 1969 opusculo
549 1883 680 1949 edendo
701 1884 931 1969 praebuerint,
953 1903 1058 1966 cogor
1079 1881 1268 1948 mendacem
1290 1904 1341 1946 me

134 2004 300 2075 redditum
316 2003 476 2078 confiteri,
500 2026 540 2068 eo
556 2004 651 2090 quod
666 2003 788 2068 librum
802 2004 967 2089 integrum
983 2003 1017 2065 in
1031 2001 1173 2066 medium
1190 2001 1340 2086 proferre

135 2145 204 2186 non
220 2122 328 2186 valeo.
373 2121 458 2186 Sunt
481 2124 608 2210 quippe
629 2131 798 2210 sumptus,
822 2123 881 2209 qui
901 2121 1118 2206 imprimendo
1140 2121 1257 2186 libello
1275 2124 1339 2186 toti

134 2251 170 2307 et
188 2247 317 2329 integro
340 2243 585 2327 impendantur,
606 2245 731 2330 magni,
753 2252 786 2308 et
809 2265 871 2330 ego
894 2244 981 2328 ipse,
1005 2263 1133 2328 pauper
1154 2253 1187 2307 et
1202 2265 1338 2328 regenne,

133 2384 194 2428 eos
224 2385 265 2426 ex
291 2364 438 2449 propriis
464 2362 682 2429 facultatibus
711 2362 823 2428 faeere
853 2385 995 2450 nequeo.
1046 2361 1176 2427 Forsan
1206 2363 1340 2449 quidem

132 2483 239 2548 altera
257 2482 364 2552 ,libelli
390 2505 470 2568 pars
491 2485 533 2549 ad
554 2483 641 2548 mala
660 2483 793 2558 Italiae,
824 2482 895 2548 sedi
919 2483 1145 2568 apostolieae,
1176 2483 1338 2548 eeclesiae

133 2604 309 2668 universae
339 2625 447 2689 nuper
476 2616 510 2668 et
532 2626 621 2668 nuno
644 2602 752 2676 illata,
783 2603 898 2688 quoad
919 2603 988 2666 fieri
1012 2612 1143 2689 potest,
1171 2614 1339 2688 spectant,

133 2725 286 2810 quamvis
309 2735 386 2789 ante
407 2745 530 2788 annum
546 2725 616 2810 jam
640 2745 741 2787 unum
761 2723 1023 2808 praeterlapsum
1039 2724 1247 2809 conscripta,
1271 2745 1340 2789 non

135 2843 270 2908 minoris
285 2845 444 2908 momenti
461 2845 564 2925 foret3
588 2855 656 2927 ast,
678 2855 833 2928 sumptus
849 2842 980 2907 edendo
998 2842 1131 2918 libello,
1153 2853 1190 2906 ut
1203 2843 1339 2917 dietum,

135 2964 242 3047 parati
257 2973 291 3028 et
305 2975 442 3050 praesto
460 2985 529 3028 non
545 2974 634 3028 sunt.
679 2962 790 3043 Quare
812 2963 940 3027 veniam
956 2962 1137 3028 humillimo
1159 2973 1255 3049 peto,
1278 2964 1339 3028 viri

135 3083 307 3146 reverendi
323 3095 423 3171 atque
435 3084 550 3150 dilecti
567 3082 699 3162 fratres,
715 3082 806 3169 quod
818 3084 993 3168 promissis
1010 3068 1099 3148 stare
1115 3105 1255 3170 prorsus
1271 3105 1340 3147 non

136 3201 304 3267 valuerim.
363 3203 510 3268 Priorem
537 3203 654 3268 saltem
674 3202 923 3267 dissertationis
947 3213 1088 3288 partem,
1118 3225 1219 3292 quam
1242 3203 1340 3268 vobis

135 3323 246 3399 mitto,
268 3331 347 3409 peto
369 3345 411 3387 ex
431 3325 533 3389 eorde
553 3333 588 3390 et
608 3326 718 3390 animo
740 3325 887 3400 sincero,
913 3336 952 3389 ut
972 3323 1115 3411 benigne
1137 3324 1338 3409 suscipiatis.

137 3443 207 3507 lleo
228 3444 356 3529 optimo
377 3454 412 3508 et
434 3445 576 3508 inaximo
599 3446 626 3509 si
649 3443 786 3532 quando
807 3425 924 3509 forsan
946 3445 1111 3530 placuerit
1128 3445 1338 3531 libueritque‚

133 3562 324 3628 ulteriorem
340 3562 444 3630 libelli
460 3575 588 3650 partem
604 3567 638 3630 in
653 3565 761 3631 lucem
776 3565 881 3630 edam.

219 3699 354 3766 Valete!

1007 3769 1017 3800 t

615 3988 764 4054 Salutem
780 3988 862 4055 dicit
