3050 5046
607 303 808 404 Q-

93 513 238 585 amanti,
265 533 332 576 non
361 509 579 582 desideranti;
606 517 668 583 ast,
695 507 861 570 hominem
888 504 930 568 ad
959 505 1080 567 bonum
1109 507 1168 565 aut
1189 499 1309 564 malum

93 615 286 703 petendum
317 617 516 688 excitantes,
547 611 733 686 trahentes,
763 609 946 692 rapientes,
983 606 1186 670 deliberatos
1216 610 1311 668 actus

95 721 254 807 gignunt.
300 717 463 803 Imprimis
486 717 527 779 de
551 715 718 778 suavitate
741 711 879 776 coelesti
901 709 1072 774 mortalem
1089 707 1255 772 alliciente
1271 727 1311 769 ac
1403 753 1405 755 -

94 823 289 906 abripiente
315 821 413 883 nobis
441 818 603 906 agendum
632 817 703 891 erit,
730 837 815 902 quae
840 813 999 878 Jansenio
1022 810 1137 876 eadem
1153 833 1191 874 ac
1207 809 1312 898 gratia

94 926 225 990 efficax
240 932 301 996 est,
316 924 350 987 in
366 937 526 1010 quantum
542 919 681 984 relative
697 918 850 1005 superior
862 925 1010 981 vocetur.

684 1211 690 1226 .
709 1173 754 1227 13.

420 1275 603 1346 (lucratione
615 1173 738 1345 nardique
751 1275 904 1332 delectatio
918 1275 1000 1342 agat.
1087 1253 1089 1260 '

172 1417 250 1497 Qua
264 1437 344 1480 vero
359 1415 488 1479 ratione
504 1423 645 1500 utraque
662 1415 840 1480 delectatio
857 1413 948 1500 agit?
991 1411 1152 1486 DiximuS,
1177 1409 1313 1474 alteram

95 1519 285 1586 coelestem
308 1540 392 1592 esse,
416 1527 604 1582 terrestrem
625 1518 775 1590 alteram3
798 1517 888 1582 illam
903 1516 1091 1580 divinorum
1106 1535 1218 1590 amore
1235 1533 1308 1595 per-

96 1625 182 1709 cipi,
205 1623 293 1686 hanc
308 1631 511 1686 terrenarum
526 1643 634 1685 rerum
655 1620 779 1708 gaudio
796 1621 885 1705 pari,
908 1619 996 1682 illam
1013 1618 1055 1682 ad
1074 1619 1196 1680 honum
1213 1614 1313 1680 decli·

95 1749 195 1803 nare,
222 1726 309 1790 hanc
338 1723 380 1788 ad
407 1723 528 1788 malum
554 1723 695 1788 trahere.
750 1723 816 1787 Sed
844 1721 1014 1809 quomodo
1041 1742 1115 1784 cum
1142 1719 1315 1783 voluntate

98 1829 233 1918 agunt?
275 1827 532 1912 Respiciendum
554 1827 594 1892 ad
612 1849 651 1891 ea
666 1836 727 1901 est,
751 1849 837 1912 quae
853 1836 929 1890 ante
945 1825 1103 1900 diximus;
1125 1823 1159 1886 in
1174 1830 1316 1885 mentem

99 1931 331 1998 revocandum
354 1931 399 2006 id,
423 1930 515 2016 quod
536 1929 715 1994 Jansenius
737 1929 867 2004 docuit,
890 1929 1042 1992 amissam
1063 1948 1123 2011 per
1142 1935 1314 2011 peccatum

101 2058 182 2100 esse
211 2034 397 2098 libertatem
423 2031 712 2111 indifferentiam).
764 2032 804 2096 In·
825 2032 1054 2117 „Augustino“
1077 2029 1166 2092 libro
1196 2027 1315 2091 exinde

100 2137 225 2202 tradit:
249 2136 479 2223 „Adjutorium
496 2135 618 2200 Christi
643 2136 898 2200 determinatae
920 2132 1196 2219 praedeterminat
1218 2130 1315 2194 etiam

102 2241 251 2326 physice
266 2240 483 2314 voluntatem,
506 2247 544 2302 ut
559 2238 649 2313 velit,
673 2249 705 2301 et
721 2237 891 2303 ardentius
907 2235 1063 2317 velit²);“
1087 2234 1153 2299 hcc
1168 2233 1318 2298 accidere

108 2343 235 2406 asserit
251 2365 290 2406 ex
307 2342 538 2413 delectatione,
555 2329 664 2428 ,quae
679 2341 769 2414 facit,
786 2351 823 2406 ut
838 2362 975 2406 necesse
992 2341 1044 2414 sit,
1067 2338 1211 2402 animum
1225 2335 1315 2400 istud

103 2445 205 2530 sequi
236 2455 269 2508 et
298 2445 479 2510 secundum
516 2444 550 2508 id
582 2446 729 2530 operari,
768 2444 861 2530 quod
891 2443 1033 2526 amplius
1064 2441 1315 2508 delectaverit,“

102 2547 278 2611 Voluntas
298 2548 444 2611 humana
465 2568 525 2632 per
547 2557 718 2632 peccatum
742 2547 902 2634 originale
923 2567 990 2609 non
1014 2545 1122 2609 solum
1145 2551 1316 2607 attenuata

105 2673 145 2715 ac
169 2649 348 2725 infirmata,
372 2650 431 2714 sed
455 2670 559 2734 paene
583 2651 757 2728 exstincta,
785 2649 913 2713 moveri
936 2659 969 2712 et
990 2647 1079 2712 flecti
1101 2667 1170 2710 non
1191 2654 1315 2733 potest,

103 2775 217 2839 neque
240 2753 282 2815 ad
304 2752 428 2816 bonum
451 2752 618 2838 nequead
636 2751 754 2843 malum
777 2752 992 2838 operandum,
1015 2751 1079 2814 nisi
1097 2749 1316 2814 antecedente

105 2855 310 2920 necessitate
322 2875 340 2916 a
354 2854 574 2920 delectatione
589 2865 658 2919 tum
675 2855 813 2918 coelesti
828 2865 897 2918 tum
909 2855 1058 2919 terrestri
1073 2853 1166 2918 illata
1182 2861 1316 2940 agatur;

106 2983 150 3023 ex
174 2959 205 3020 vi
233 2979 294 3021 sua
321 2967 354 3020 et
379 2956 502 3019 virtute
524 2958 607 3023 nihil
630 2957 775 3042 prolicit,
800 2959 896 3042 quasi
918 2968 1050 3022 mortua
1072 2969 1105 3022 et
1124 2957 1316 3021 indiflereus

101 3065 205 3148 jacet,
223 3069 435 3145 exspectans,
459 3058 566 3123 donec
583 3061 754 3126 excitetur.
799 3058 960 3124 Efficacia
974 3061 1100 3147 gratiae
1116 3082 1157 3124 ex
1172 3059 1316 3145 physica

108 3163 465 3248 praedeterminatione
481 3161 656 3226 humanam
673 3163 880 3227 voluntatem
892 3185 953 3249 per
965 3163 1219 3228 delectationem
1235 3185 1312 3226 coe·

108 3253 224 3331 lestem
261 3267 366 3353 gradu
400 3267 558 3352 majorem
593 3269 751 3350 opposita
784 3280 915 3331 terrena
942 3265 997 3329 vel
1027 3265 1313 3350 concupiscentia,

107 3370 255 3455 ideoque
274 3371 415 3436 relative
435 3369 580 3447 victrice,
604 3371 793 3434 necessario
816 3367 1005 3454 impellente
1020 3367 1166 3454 profluit.
1211 3367 1315 3431 Semi·

113 3472 276 3557 pelagiani
296 3473 330 3536 in
353 3495 393 3536 eo
416 3473 593 3558 praecipue
616 3493 727 3535 erasse
750 3471 915 3546 dicuntur,
939 3472 1031 3557 quod
1048 3471 1259 3548 asseruerint,
1282 3471 1316 3534 in

109 3575 311 3660 aequalitate
334 3577 450 3639 virium
473 3576 597 3661 gratiae
619 3584 652 3638 et
673 3576 963 3660 concupiscentiae
986 3574 1191 3638 voluntatem
1213 3597 1315 3659 posse

109 3700 266 3762 superare
292 3679 461 3742 libidinem
483 3691 515 3742 et
538 3679 580 3742 ad
608 3679 692 3742 bene
715 3679 879 3764 agendum
901 3700 936 3742 se
956 3679 1064 3763 ipsum
1088 3677 1315 3743 determinare.

171 3781 357 3846 Delectatio
375 3782 530 3846 coelestis
547 3803 588 3844 ex
603 3780 707 3844 altera
724 3794 826 3864 parte,
848 3803 890 3844 ex
908 3781 1012 3845 altera
1028 3780 1171 3845 dulcedo
1188 3782 1315 3866 cupidi-

107 3885 187 3948 tatis
215 3907 284 3948 eam
314 3885 451 3959 animat,
478 3883 601 3962 influit,
630 3893 757 3947 movet:
787 3883 870 3947 nihil
898 3884 988 3948 aliud
1017 3893 1084 3960 est,
1115 3905 1183 3969 quo
1213 3885 1314 3948 homo

109 3988 151 4052 ad
181 3988 358 4073 agendum
376 3988 567 4052 necessario
598 3986 759 4060 trahatur,
788 3987 852 4050 nisi
881 3986 965 4052 haec
989 3987 1176 4052 delectatio.
1222 3987 1315 4066 Quae

108 4092 262 4175 superior
280 4101 344 4153 'est
373 4091 476 4154 vincit
505 4111 544 4153 ac
573 4089 780 4154 voluntatem
811 4089 874 4152 sibi
897 4089 1047 4176 subjicit:
1077 4091 1105 4154 si
1136 4088 1314 4155 delectatio

108 4192 263 4257 coelestis
286 4201 431 4276 superat,
456 4215 530 4256 cum
550 4193 609 4256 illa
630 4193 672 4256 ad
688 4193 816 4256 coelum
832 4193 996 4279 pervolat,
1020 4194 1049 4256 si
1065 4202 1195 4257 terrena
1209 4195 1315 4280 major

108 4305 167 4374 est,
183 4296 216 4358 in
232 4292 370 4358 libidine
387 4315 456 4357 eam
472 4295 586 4381 infigit.
631 4294 871 4362 invincibiliter
886 4317 926 4359 eo
943 4297 1113 4377 trahimur,
1134 4297 1192 4360 ubi
1207 4299 1313 4384 major

106 4469 307 4480 -—-—

176 4549 199 4618 ¹)
218 4548 429 4620 „Augustinus,“
442 4547 487 4601 lib.
500 4549 557 4614 ΙΙΙ.,
569 4549 616 4603 IV.
629 4581 664 4590 -
676 4551 791 4623 August.
803 4549 847 4603 lib.
860 4552 894 4614 8.,
908 4550 941 4603 de
953 4552 1039 4623 gratia
1051 4552 1145 4605 salvat.
1160 4570 1180 4604 c.
1194 4555 1217 4610 3.
1231 4583 1266 4593 -
