3050 5046
619 353 821 454 Q

111 555 212 620 datur
231 557 337 644 gratia
358 555 482 633 diviua,
505 558 669 644 accipitur
690 557 834 622 bumana
854 555 1023 630 libertate;
1048 562 1206 642 operetur
1221 553 1328 640 gratia

109 659 243 737 diviua,
266 669 469 746 cooperatur
490 660 647 726 voluntas
669 661 829 737 humana3
863 660 969 747 gratia
995 659 1107 723 diviua
1134 659 1327 745 porrigitur,

109 762 271 829 voluntas
286 762 431 828 bumana
448 765 647 842 assentitur3
671 773 831 850 operante
847 763 914 839 illa,
938 772 1143 849 cooperante
1160 761 1222 826 bac
1238 783 1325 846 opus

108 865 258 930 salutare
275 864 453 951 perficitur.
477 867 686 954 Mysterium,
707 889 776 953 quo
792 866 892 931 modo
909 866 1016 953 gratia
1031 866 1158 930 initium
1173 865 1206 930 in
1224 865 1325 950 opere¹

102 967 361 1056 justificationis
381 970 518 1055 capiens
541 971 628 1036 etin
645 969 850 1034 voluntatem
873 968 1014 1034 influens
1035 969 1143 1044 finem,
1167 968 1209 1032 ad
1225 989 1324 1055 quem

108 1071 318 1136 sortiendum
347 1071 460 1149 detur,
485 1082 728 1160 consequatur,
752 1073 847 1138 salva
872 1072 1018 1138 hominis
1044 1071 1258 1159 cooperantis
1284 1070 1324 1135 li·

108 1175 251 1254 bertate,
274 1176 483 1260 perscrutari·
500 1183 533 1240 et
549 1175 739 1261 explanare,
764 1177 937 1242 doctorum
955 1175 1233 1241 scholasticorum
1249 1173 1324 1250 fuit,

107 1277 230 1364 quiid
256 1299 392 1365 quoque
417 1278 648 1360 intenderunt,
682 1287 719 1344 ut
744 1288 870 1366 partem
899 1288 932 1344 et
956 1281 1081 1368 gratiae
1108 1289 1141 1344 et
1159 1277 1324 1343 libertatis

108 1380 205 1465 operi
232 1379 432 1466 perficiendo
461 1390 719 1448 consentaneam
741 1395 775 1449 et
796 1383 940 1449 debitam
966 1390 1196 1448 mensura-rent
1222 1389 1323 1469 atque

106 1482 294 1549 definirent.
340 1483 441 1564 Quod
462 1486 596 1572 quidem
617 1486 684 1552 illis
708 1509 847 1573 prorsus
863 1509 932 1551 non
949 1487 1098 1574 contigit.
1144 1485 1251 1551 Vitari
1267 1486 1324 1550 vix

105 1587 230 1672 potuit,
255 1585 335 1673 quin
357 1588 413 1651 alii
428 1590 554 1675 gratiae
571 1590 704 1654 nimium
721 1591 915 1668 tribuerent,
939 1590 1321 1655 Praedestiuatianorum

65 1689 68 1701 '
107 1690 259 1777 vestigiis
285 1691 497 1773 insistentes,
527 1693 581 1758 alii
608 1693 715 1759 libero
738 1693 923 1758 voluntatis
944 1693 1081 1758 arbitrio
1109 1693 1185 1779 plus
1211 1713 1322 1778 aequo

106 1792 243 1869 darent,
281 1794 537 1880 Pelagiauorum
567 1796 701 1883 placitis
733 1798 970 1884 obsequentes.
1035 1797 1183 1861 Probata
1212 1805 1322 1860 autem

105 1897 270 1961 eeclesiae
300 1907 483 1984 systemata
518 1909 598 1964 suut
627 1900 893 1977 Tbomistarum,
931 1908 964 1966 et
992 1900 1322 1988 Augustiniauorum,

104 1999 351 2065 Moliuistarum
368 2010 401 2066 et
417 2001 700 2091 Congruistarum.

169 2101 434 2181 Tbomistarum,
464 2106 523 2192 qui
551 2128 671 2171 nomen
700 2129 741 2171 ex
768 2127 808 2172 eo
831 2107 974 2184 ducunt,
999 2105 1091 2194 quod
1113 2105 1146 2171 S.
1169 2105 1321 2170 Thomae

108 2206 245 2294 vestigia
271 2216 435 2294 sequutos
461 2209 534 2295 ejus
560 2209 745 2274 doctrinam
772 2231 808 2274 se
833 2210 964 2275 tradere
989 2209 1213 2302 contendunt,
1244 2230 1320 2273 seu·

109 2309 221 2386 tentia,
245 2331 333 2396 quae
354 2310 486 2398 quidem
510 2313 689 2398 praecipue
710 2335 730 2378 a
748 2313 923 2378 Dominico
940 2314 1099 2390 Bennete,
1123 2335 1165 2378 ex
1180 2313 1320 2377 domiui·

106 2433 264 2476 canorum
295 2413 428 2490 ordine,
462 2415 598 2479 saeculo
628 2415 720 2482 XVI.
752 2417 900 2491 vivente,
933 2418 1085 2495 iuventa,
1120 2423 1178 2480 eut
1203 2414 1319 2480 saltem

108 2515 291 2602 explanata
303 2515 444 2593 videtur,
460 2517 544 2583 haee
561 2528 620 2587 est.
653 2518 768 2586 Gratia
784 2516 941 2586 statuitur
956 2519 1125 2585 sufficiens
1141 2527 1174 2584 et
1190 2518 1321 2598 efficax,

103 2619 209 2683 altera
220 2619 261 2682 ab
275 2619 378 2684 altera
392 2620 636 2707 distinguenda,
648 2623 682 2687 in
696 2631 854 2688 naturast
868 2625 1005 2688 entitate
1017 2645 1085 2687 non
1095 2622 1209 2688 eadem
1222 2645 1319 2710 spec-

102 2721 223 2786 tanda:
250 2721 421 2787 sufficiens
438 2724 523 2788 enim
540 2724 659 2790 efficax
671 2725 750 2804 fieri,
775 2750 867 2792 exse
884 2726 957 2791 sola
972 2727 1005 2791 iu
1022 2735 1131 2793 actum
1148 2748 1320 2813 erumpere

101 2845 172 2888 non
195 2833 317 2909 potest,
340 2826 404 2890 uisi
427 2817 518 2892 novo
540 2827 594 2894 dei
615 2829 741 2895 auxilio
763 2830 953 2908 accedente,
975 2827 1088 2910 idest,
1109 2829 1253 2918 physica
1268 2830 1321 2896 dei

100 2927 478 3013 praedeterminatione,
502 2932 537 2995 in
559 2954 627 3019 qua
650 2933 799 2999 efficacia
821 2933 946 3022 gratiae
970 2935 1140 3010 consistit,
1164 2956 1319 3021 quaeque

102 3030 310 3096 voluntatem
338 3032 381 3097 ad
408 3033 534 3099 bouum
557 3036 752 3118 volendum,
781 3037 968 3125 eligendum
995 3047 1073 3103 ante
1096 3039 1317 3125 pergratiam

102 3136 303 3198 excitantem
334 3135 531 3222 inspiratam
561 3147 763 3226 praemovet.
824 3140 939 3206 Gratia
975 3140 1145 3207 sufficiens
1182 3141 1314 3208 confert

102 3242 247 3322 „posse“
272 3237 359 3302 velle
386 3248 419 3304 et
445 3261 544 3328 agere
570 3243 641 3307 sive
665 3243 975 3330 ,‚possibilitatem,“
1001 3245 1107 3329 gratia
1123 3243 1242 3310 efficax
1258 3268 1317 3308 vo-

102 3339 263 3404 luntatem
284 3339 423 3424 physice
444 3344 750 3428 praedeterrninans
767 3347 898 3413 confert
920 3347 1028 3425 „velle
1043 3358 1076 3413 et
1091 3353 1220 3432 agere,“
1245 3349 1316 3414 sive

103 3448 268 3520 „actum,“
285 3459 336 3508 est
351 3454 462 3510 motus
478 3449 672 3533 potentiam,
690 3470 789 3536 quam
805 3451 911 3537 gratia
923 3449 1093 3517 sufficiens
1105 3452 1316 3538 praebuerat,

104 3545 146 3610 ad
168 3556 277 3611 actum
301 3548 487 3634 applicans.
511 3587 551 3598 -
570 3549 747 3616 Sufficiens
763 3554 869 3640 gratia
884 3553 1071 3620 Tbomistis
1087 3555 1199 3620 eadem
1216 3563 1317 3644 atque

103 3650 255 3726 excitans
272 3661 333 3723 est,
356 3651 497 3737 primum
514 3653 652 3718 effectus
669 3655 919 3734 indeliberatos,
943 3659 1125 3742 proximos,
1149 3668 1265 3724 tenues
1282 3669 1315 3724 et

101 3751 326 3837 imperfectos,
350 3754 393 3819 ad
416 3777 504 3842 quos
526 3755 710 3822 eliciendos
733 3761 831 3824 adeo
848 3761 1006 3826 absoluta
1020 3761 1195 3828 voluntate
1211 3762 1314 3828 desti-

101 3863 181 3918 nata
202 3865 268 3935 est,
297 3857 488 3942 producens
510 3883 708 3947 semperque
729 3885 788 3926 eos
811 3885 1038 3950 consequeus,
1068 3887 1155 3952 quos
1177 3865 1260 3931 deus
1281 3868 1324 3951 in¹

101 3959 200 4022 nobis
222 3959 294 4024 sine
316 3961 414 4025 uobis
437 3966 700 4050 cooperantibus
722 3977 896 4051 operatur,
920 3967 1070 4055 eoquod
1091 3967 1157 4032 deo
1174 3979 1314 4035 mentem

100 4059 289 4126 illustrante
310 4073 345 4127 et
360 4063 568 4131 voluntatem
588 4078 744 4134 movente
766 4069 850 4134 nihil
872 4070 963 4136 aliud
979 4071 1049 4135 fieri
1067 4082 1190 4156 potest,
1214 4096 1314 4160 quam

100 4174 137 4227 ut
158 4187 251 4228 meus
273 4177 365 4230 certo
387 4167 587 4246 illustretur,
611 4171 769 4237 voluntas
791 4186 981 4252 moveatur3
1004 4173 1184 4240 illustratio
1200 4176 1258 4241 illa
1282 4187 1315 4242 et

99 4267 204 4331 motio
221 4269 309 4333 enim
323 4281 419 4335 aetus
436 4283 516 4336 sunt
532 4273 672 4360 physice
690 4275 731 4338 ab
748 4277 879 4340 interno
897 4277 1006 4342 animo
1021 4280 1167 4347 excitati.
1211 4280 1315 4345 Juxta

101 4371 282 4434 nonnullos
305 4374 413 4458 gratia
433 4373 516 4440 haec
539 4375 709 4442 sufficiens
732 4379 851 4444 exinde
872 4381 1087 4466 imperfectos
1110 4383 1313 4450 deliberatus

100 4471 237 4538 effectus
264 4475 434 4558 producit,
464 4479 522 4564 qui
550 4481 578 4544 si
605 4491 813 4567 spectentur,
844 4483 964 4549 efficax
986 4497 1038 4550 est
1058 4488 1188 4552 ratione
1209 4487 1311 4576 hujus

101 4577 243 4659 proximi
271 4588 303 4642 et
330 4579 514 4666 imperfecti
542 4583 695 4666 efectus,
725 4585 894 4652 sufficiens
921 4597 1031 4658 autem
1058 4592 1325 4681 comparatione.
