3084 5056
730 339 930 444 „ge-

226 553 341 632 parato
358 545 526 635 factoque,
550 549 591 613 ab
608 547 744 615 Urbano
765 547 855 613 VIII.
873 547 1032 614 Pontifice
1049 569 1137 614 anno
1157 548 1246 617 1641.
1264 547 1317 614 die
1335 555 1455 614 sexto

227 649 338 716 Martii
366 649 618 717 Constitutione
639 660 784 728 exarata,
809 674 896 738 quae
916 651 1046 737 incipit:
1071 651 1129 728 „Iu
1144 653 1332 729 eminenti‚“
1355 651 1457 716 liber

228 753 417 840 prohibitus
439 765 473 820 et
494 754 670 821 damnatus
687 764 753 832 est3
777 756 856 842 quia
871 755 980 820 editus
996 754 1115 821 fuisset
1131 766 1248 821 eontra
1264 756 1455 820 decretum

225 857 321 922 Pauli
347 857 388 922 V.
413 880 500 923 anno
520 859 610 924 1611.
628 859 681 924 die
706 859 733 923 1.
759 859 949 923 Decembris
976 859 1089 923 datum
1116 871 1149 924 et
1175 857 1303 924 Urbani
1325 859 1453 944 ipsius

136 987 139 994 ·
226 981 314 1024 enno
345 959 433 1026 1626.
462 962 514 1027 die
538 963 587 1027 22.
612 961 693 1048 Maji
724 963 764 1026 de
795 984 863 1026 non
893 961 1142 1048 promulgandis
1173 963 1453 1049 quibuscunque

225 1065 312 1129 circa
328 1065 494 1130 materiam
511 1065 552 1130 de
568 1065 700 1130 auxiliis
716 1065 874 1150 operibus
891 1065 1090 1143 exhibitum3
1107 1066 1196 1130 —iu
1214 1065 1328 1129 eadem
1338 1064 1451 1128 bulla

223 1168 284 1254 „iul
304 1168 456 1233 emineti“
481 1168 576 1233 etiam
599 1167 723 1236 Liberti
749 1167 928 1233 Fromondi
951 1169 1085 1236 brevem
1100 1170 1308 1234 Anatomiam
1324 1160 1449 1233 homi-

224 1272 286 1347 nis,
309 1271 451 1336 Levanii
465 1293 552 1336 anno
572 1271 661 1336 ltu.
679 1280 712 1336 et
727 1271 936 1337 Conventum
954 1271 1152 1347 Africanum,
1174 1273 1246 1337 sine
1262 1272 1446 1359 discepta-

225 1374 347 1439 tionem
363 1374 546 1461 judicalem
568 1373 657 1460 apud
678 1373 843 1440 Tribunal
863 1375 1031 1440 Praesulis
1054 1376 1230 1462 Augustini
1247 1390 1319 1451 eta,
1344 1396 1448 1462 papa

226 1478 442 1564 proscripsit3
466 1478 649 1544 -deiude
676 1485 795 1554 autem,
823 1479 902 1564 quia
930 1479 1051 1544 multas
1080 1479 1330 1566 propositiones
1360 1477 1446 1564 Baji

218 1581 288 1669 jam
305 1603 325 1645 a
340 1581 401 1646 Pio
414 1581 455 1647 V.
469 1588 502 1646 et
518 1581 681 1669 Gregorio
693 1580 783 1646 XIII.
802 1581 1020 1647 Pontificibus
1042 1582 1214 1647 damnatas
1237 1581 1445 1646 contineret.

225 1683 356 1764 „Quum
371 1692 510 1761 autem,“
534 1685 580 1749 ait
595 1683 751 1750 Urbanus
767 1683 868 1762 Vlll.‚
892 1709 954 1762 „ex
969 1685 1130 1772 diligenti,
1152 1696 1185 1750 et
1199 1694 1327 1750 matura
1343 1684 1443 1771 ejus·

224 1787 298 1853 dem
320 1787 422 1862 Libri,
446 1788 500 1854 cui
521 1788 639 1853 titulus
663 1789 922 1874 „Augustinus‚“
945 1788 1089 1854 lectione
1108 1787 1324 1875 postmodum
1341 1807 1442 1852 com·

224 1899 353 1976 pertum
369 1889 479 1968 fuerit,
494 1891 527 1955 in
544 1891 660 1956 eodem
676 1889 777 1955 Libro
795 1891 915 1956 multas
931 1914 972 1958 ex
988 1891 1278 1978 propositionibus
1296 1913 1315 1956 a
1330 1889 1440 1956 Prae·

223 1995 457 2060 decessoribus
487 1995 612 2060 nostris
643 1993 736 2073 olim,
760 2004 798 2062 ut
827 1995 1020 2081 praefertur,
1050 1996 1223 2060 damnatas
1255 1994 1440 2068 contineri,

224 2109 256 2162 et
282 2118 403 2184 magno
432 2119 504 2162 cum
533 2096 787 2162 Catholieorum
814 2099 984 2176 scandale,
1014 2107 1047 2164 et
1076 2098 1287 2164 auctoritatis
1321 2097 1439 2162 dictae

223 2200 320 2265 Sedis
336 2208 540 2285 contemptu,
564 2209 681 2264 contra
698 2200 864 2286 praefatas
879 2201 1118 2277 damnationes,
1135 2211 1168 2266 et
1182 2200 1438 2287 prohibitiones

224 2303 375 2381 defendi;
391 2325 454 2368 nos
471 2302 548 2368 huIe
564 2303 650 2367 malo
667 2304 701 2367 in
718 2303 911 2368 scandalum
924 2305 1028 2368 totius
1040 2304 1257 2390 Reipublicae
1270 2302 1437 2368 Christia-

224 2429 294 2482 nae,
322 2416 354 2471 et
380 2407 456 2472 fidei
482 2401 678 2471 Catholicae
703 2407 880 2491 perniciem
904 2408 1054 2484 vertenti
1078 2416 1304 2493 opportunum
1327 2429 1437 2471 reme·

222 2508 311 2574 (lium
334 2509 493 2574 adhibere
516 2507 667 2574 volentes
690 2508 740 2573 Pii
762 2519 795 2574 et
817 2508 969 2596 Gregorii
988 2510 1288 2575 Praedecessorum
1309 2509 1435 2597 hujus·
1525 2511 1526 2528 ¹

223 2613 313 2678 modi
336 2613 601 2678 Constitutiones
623 2612 824 2698 praedictas,
849 2614 1024 2701 omniaque
1040 2623 1074 2678 et
1088 2613 1221 2700 singula
1234 2613 1268 2677 iu
1285 2613 1331 2677 eis
1349 2633 1434 2678 con-

222 2727 324 2792 tenta,
348 2716 542 2802 Apostolica
566 2716 766 2780 auctoritate
788 2728 903 2782 tenore
925 2718 1147 2803 praesentium
1169 2725 1330 2803 perpetuo
1349 2739 1433 2780 con·

219 2820 395 2897 firmamus,
412 2828 445 2886 et
459 2820 701 2906 approbamus3
720 2819 925 2908 Libramque
941 2820 1156 2906 praedictum,
1173 2819 1226 2885 cui
1241 2819 1360 2884 titulus
1380 2829 1433 2884 est
1524 2815 1526 2872 l

220 2923 481 3011 „Augustiuus,“
498 2923 669 2999 articulos,
691 2916 903 3009 opioniones‚
925 2935 958 2988 et
974 2924 1156 2988 sententias
1172 2923 1205 2986 iu
1221 2921 1321 2987 dictis
1340 2923 1431 2988 Con-

221 3027 453 3092 stitutionibus
468 3027 676 3112 reprobatas,
694 3041 795 3113 atque
811 3027 992 3103 damnatae,
1009 3036 1046 3091 ut
1061 3049 1082 3091 a
1096 3026 1204 3092 Nobis
1220 3034 1430 3114 compertum
1523 3037 1526 3058 ⁴

221 3139 282 3208 est,
298 3130 533 3205 continentem,
550 3138 583 3194 et
597 3142 815 3194 renovantem
827 3130 1074 3216 probibemus.“

281 3233 474 3298 Janseniani
490 3233 711 3298 inimicissime
728 3233 827 3298 effato
841 3233 952 3319 papali
967 3241 1248 3320 repugnaverunt,
1264 3232 1427 3296 immerito

220 3338 405 3402 damnatam
429 3336 577 3424 magistri
600 3336 784 3401 doctrinam
806 3337 992 3423 conquesti.
1037 3335 1189 3400 Levanio
1206 3333 1428 3422 Syuniehium

220 3448 253 3505 et
267 3441 404 3526 Papium
421 3439 552 3526 legatos
574 3439 711 3505 Romam
735 3439 905 3516 miserunt,
928 3449 1047 3504 utrem
1064 3461 1158 3503 suam
1173 3449 1311 3525 agerent
1325 3445 1427 3523 atque

219 3543 446 3618 defenderent,
478 3552 672 3618 causanteS,
702 3542 793 3628 quod
824 3542 866 3605 ab
896 3541 1042 3619 Albizio,
1072 3541 1253 3606 Jensenitis
1283 3539 1426 3614 inimice,

196 3722 200 3732 Ι
219 3647 312 3712 bulla
328 3646 496 3733 pontificis
513 3654 572 3710 aut
587 3644 717 3730 digesta
733 3655 791 3709 aut
807 3645 930 3722 vitiata,
948 3667 1135 3731 nomenque
1149 3642 1298 3708 Jansenii
1312 3663 1425 3730 quam·

219 3753 269 3816 vis
286 3773 372 3838 papa
389 3749 517 3814 nullum
532 3750 565 3812 in
580 3747 775 3834 particulari
793 3748 942 3834 sugillari
958 3771 1032 3813 eum
1049 3747 1264 3834 expressione
1282 3744 1426 3810 nominis

219 3855 398 3930 voluisset,
430 3852 596 3917 invidiose
626 3851 786 3916 insertum
816 3851 944 3918 fuisset.
1002 3850 1162 3915 Examina
1192 3852 1327 3934 praevIo
1358 3869 1425 3912 nou

218 3959 307 4024 facto
330 3958 451 4023 librum
475 3955 699 4042 proscriptum
724 3977 808 4032 esse,
836 3977 945 4042 neque
966 3969 1107 4040 propter
1128 3951 1314 4016 doctrinam
1336 3951 1424 4016 ineo

219 4061 453 4150 praedicatam,
472 4058 617 4124 nondum
635 4058 863 4134 examinatam,
879 4057 939 4122 sed
956 4065 1142 4142 propterea,
1159 4053 1252 4141 quod
1267 4053 1308 4120 de
1322 4054 1425 4142 gratia

218 4187 322 4254 agens
343 4172 460 4228 eontra
483 4162 651 4226 decretum
672 4160 767 4225 Pauli
790 4161 830 4227 V.
848 4169 880 4225 et
900 4159 1007 4244 ipsius
1030 4156 1155 4224 Urbani
1172 4157 1281 4222 editus
1297 4157 1424 4232 fuisset,

154 4340 158 4352 ¹
218 4268 434 4356 prohibitum.
471 4264 602 4329 Bullam
619 4263 685 4327 alio
702 4285 801 4339 anuo,
820 4263 920 4336 1641,
936 4260 1043 4347 pridie
1057 4259 1174 4324 Nonas
1190 4259 1301 4326 Martii
1316 4261 1424 4338 latam,

217 4372 294 4450 elio,
321 4370 423 4447 1643,
450 4368 504 4433 die
532 4366 580 4432 19.
605 4365 696 4431 lunii
722 4366 755 4430 in
781 4364 871 4431 Urbe
899 4363 1141 4450 promulgatam
1167 4386 1251 4441 esse,
1282 4365 1424 4450 denique

216 4476 292 4563 ipso
322 4475 394 4560 jure
424 4472 559 4552 irritam,
589 4477 658 4535 tum
689 4468 768 4556 quia
795 4468 980 4534 doctrinam
1011 4468 1235 4553 proscriberet
1261 4489 1329 4530 non
1356 4466 1423 4531 dis·

214 4599 345 4646 cussam
359 4596 469 4662 neque
485 4595 559 4641 cum
575 4573 821 4662 Augustiniana
837 4579 1076 4658 comparatam,
1099 4582 1166 4638 tum
1183 4571 1262 4658 quia
1274 4569 1422 4636 Jansenii
