3050 5046
632 352 832 452 -1-21-

122 579 199 622 nem
232 555 359 622 actuali
390 558 495 643 gratia
524 556 683 642 adjutum,
714 555 862 620 nondum
885 552 1104 638 justificatum
1134 569 1201 612 non
1232 566 1335 632 posse

123 670 223 724 actus
241 661 355 724 bonos
378 671 411 722 et
432 660 702 745 supernaturales
724 659 851 733 elicere,
874 659 982 721 omnia
1002 656 1103 742 igitur
1122 653 1336 740 peccatorum

123 783 232 846 opera
258 784 332 826 esse
354 762 491 826 totidem
515 773 662 848 peccata,
687 763 848 850 siquidem
868 761 961 836 fides,
984 766 1085 845 prout
1101 757 1205 844 gratia
1221 754 1336 838 prima,

121 887 140 928 a
166 865 337 930 charitate
360 866 431 929 sive
447 865 687 952 justificatione
711 867 860 953 sejuncta
883 879 1061 949 numquam
1084 862 1142 924 sit:
1172 857 1337 923 desideria

120 970 240 1054 igitur,
270 977 419 1044 conatus,
451 991 567 1053 preces
596 971 638 1033 ad
659 969 931 1058 justificationem
954 962 1209 1030 nanciscendam
1231 960 1336 1035 fusas,

122 1093 201 1135 esse
225 1071 367 1136 totidem
390 1081 530 1156 peccata
552 1073 714 1153 mortalia,
738 1079 931 1158 peccatores
954 1092 993 1134 eo
1015 1069 1147 1155 pejores
1163 1065 1242 1142 fieri,
1267 1083 1334 1150 quo

121 1175 233 1261 magis
251 1174 293 1238 ad
310 1175 569 1238 convertendum
586 1176 769 1244 intendant.

188 1277 247 1342 Ex
268 1299 336 1342 uno
360 1278 544 1364 eodemque
567 1280 731 1364 principio
756 1286 789 1344 et
817 1276 1084 1342 Calviuianorum
1109 1279 1142 1337 et
1163 1269 1335 1336 Janseuia-

127 1402 253 1446 norum
276 1380 440 1466 ejusmodi
462 1381 615 1445 doctrina
631 1383 798 1467 profluxit,
821 1403 861 1445 ex
877 1378 1053 1465 principio,
1073 1385 1112 1440 ut
1127 1396 1256 1459 semper
1270 1372 1336 1436 hoc

123 1484 346 1560 inculcemus,
369 1484 410 1548 de
426 1484 545 1548 amissa
562 1486 714 1572 originali
735 1507 795 1570 per
810 1492 984 1570 peceatum
1006 1480 1192 1566 primarium
1203 1476 1335 1563 justitia

123 1595 271 1674 totaque
294 1587 457 1652 donorum
474 1587 720 1673 magnificorum
743 1607 946 1651 annexorum
970 1581 1175 1660 excellentia,
1197 1588 1335 1642 naturae

124 1713 166 1756 ex
184 1691 356 1755 creatione
378 1690 598 1755 essentialiter
620 1691 742 1768 debita,
766 1713 807 1754 ex
823 1689 985 1776 principio
1002 1687 1153 1772 utrisque
1170 1682 1334 1747 communi

123 1794 166 1859 de
183 1793 321 1859 sublata
336 1815 477 1879 prorsus
500 1793 708 1880 intelligendi
722 1801 756 1858 et
775 1793 878 1858 libere
894 1791 1014 1880 agendi
1029 1789 1197 1863 facultate,
1220 1785 1337 1850 relicta

124 1896 203 1961 sola
218 1896 253 1961 vi
269 1896 440 1982 peccandi,
463 1896 503 1961 de
520 1896 694 1962 debilitato
718 1897 817 1982 plane
833 1905 866 1960 et
882 1895 1048 1960 exstincto
1064 1893 1170 1956 libero
1187 1887 1334 1964 arbitrio,

124 2008 185 2064 aut
206 2022 226 2064 a
248 2000 355 2086 gratia
377 2009 434 2064 aut
456 2022 476 2063 a
499 2001 772 2087 concupiscentia
795 1999 977 2065 dominanti
998 1995 1188 2062 necessario
1210 1992 1334 2079 agitato

124 2109 230 2189 atque
247 2111 333 2179 acto,
350 2125 391 2166 ex
406 2102 570 2188 principio
587 2104 628 2168 de
647 2113 805 2189 corrupta
822 2101 1043 2168 essentialiter
1059 2108 1092 2163 et
1107 2094 1335 2163 substantiali·

130 2215 184 2270 ter
211 2205 359 2269 humana
386 2218 514 2282 natura,
545 2229 587 2270 ex
613 2207 777 2292 principio
801 2206 842 2270 de
864 2204 1062 2291 impossibili
1089 2201 1233 2266 hominis
1263 2221 1334 2262 curu

129 2309 240 2394 gratia
263 2309 518 2394 cooperatione3
542 2331 610 2372 non
630 2331 785 2396 magnum
807 2303 982 2374 discrimen
1001 2305 1178 2372 intercedit
1193 2301 1336 2366 subinde

129 2413 219 2476 inter
245 2410 328 2474 illud
354 2412 609 2496 protestantium
637 2421 792 2500 systema,
823 2435 864 2476 ex
887 2435 955 2500 quo
971 2419 1153 2498 peccatum
1177 2404 1336 2491 originale

127 2513 274 2601 qualitas
286 2516 441 2599 positiva,
459 2516 645 2579 substantia
659 2516 819 2602 quaedam
837 2517 923 2580 mala
938 2515 1063 2580 homini
1080 2510 1268 2576 necessario
1285 2508 1335 2571 in·

127 2617 283 2693 haerena,
310 2625 437 2703 partem
459 2628 597 2682 naturae
620 2629 797 2704 corruptae
821 2619 1028 2683 essentialem
1057 2615 1280 2688 constituens,
1299 2611 1336 2674 in

127 2742 246 2784 omnes
276 2731 371 2785 actus
400 2730 469 2784 turn
499 2721 610 2784 bonos
640 2729 709 2786 turn
739 2721 846 2785 malos
875 2723 1017 2787 influens
1044 2717 1165 2792 evadit,
1195 2735 1334 2800 ex.quo

126 2825 280 2889 actiones
303 2825 441 2887 totidem
463 2823 748 2888 manifestationes
772 2826 900 2910 peccati
922 2823 1095 2910 originalis
1111 2842 1242 2906 semper
1257 2817 1335 2882 sub·

126 2927 279 2992 sistentia
308 2925 392 2990 fiunt
423 2939 455 2990 et
490 2937 628 3011 peccata
664 2929 844 3002 exsistunt,
882 2927 1075 3013 imputanda
1105 2946 1174 2989 non
1203 2921 1336 3021 quidem

121 3030 238 3115 justis,
269 3029 327 3093 scd
355 3038 462 3093 tamen
493 3031 726 3115 peccatoribus
758 3054 817 3116 per
844 3040 1013 3096 externam
1040 3029 1163 3094 Christi
1193 3028 1334 3112 imputa·

127 3135 253 3196 tionem
280 3131 426 3196 nondum
443 3133 649 3218 justificatis3
669 3171 708 3180 -
725 3133 853 3212 „lutum
880 3134 974 3210 illud,
1006 3156 1046 3198 ex
1070 3155 1137 3220 quo
1162 3129 1333 3194 vasculum

128 3235 196 3300 hoc
215 3234 294 3321 fingi
316 3236 437 3321 coepit,
461 3236 648 3300 damnabile
671 3246 721 3300 est
738 3293 743 3306 .
761 3291 767 3305 .
787 3286 818 3302 ..
840 3237 953 3302 foetus
973 3238 1008 3301 in
1030 3246 1136 3312 utero,
1159 3241 1334 3319 antequam

128 3339 306 3414 nascimur,
324 3347 357 3402 ct
373 3339 524 3404 homines
541 3362 615 3404 esse
632 3340 816 3425 incipimus,
840 3348 1012 3426 peceatum
1029 3351 1080 3404 est
1091 3339 1154 3420 ¹.);“
1178 3337 1287 3413 „sicut
1300 3335 1334 3398 in

129 3442 206 3529 igne
229 3452 280 3504 est
303 3442 445 3527 genuina
468 3443 529 3518 vis,
561 3464 627 3528 qua
653 3465 783 3507 sursum
807 3442 920 3521 fertur,
945 3445 1031 3508 sicut
1053 3444 1087 3506 in
1111 3449 1261 3527 magnete
1285 3445 1336 3502 est

130 3544 275 3630 genuina
291 3544 351 3618 vis,
368 3565 434 3630 qua
450 3544 490 3607 ad
509 3567 545 3608 se
560 3544 681 3609 ferrum
697 3545 809 3622 trahit,
827 3547 874 3610 ita
890 3560 941 3611 est
955 3548 989 3610 in
1007 3545 1139 3609 homine
1155 3543 1267 3606 nativa
1282 3541 1334 3604 vis

131 3646 172 3710 ad
185 3647 388 3731 peccandum
398 3657 427 3721 ;“
444 3648 631 3732 „scriptura
646 3671 714 3712 non
730 3659 831 3713 vocat
842 3649 908 3714 hcc
926 3649 1094 3737 originale,
1109 3647 1193 3712 illud
1205 3643 1334 3710 actuale

129 3758 318 3835 peccatum,
343 3758 395 3813 est
418 3751 503 3813 enim
524 3760 558 3816 et
578 3751 738 3839 originale
760 3762 931 3838 peceatum
953 3753 1052 3838 plane
1075 3749 1214 3815 actualis
1231 3769 1333 3835 quae·

131 3852 205 3916 dam
232 3873 336 3936 prava
360 3852 527 3938 cupiditas
537 3853 605 3938 Ἣ*
630 3864 823 3941 „praeterea
839 3855 1029 3932 affirmatur,
1053 3854 1144 3942 quod
1162 3860 1333 3939 peccatum

130 3955 289 4042 originale
312 3955 346 4018 iu
376 3955 519 4020 humana
540 3966 660 4022 natura
682 3981 749 4022 non
773 3960 1002 4025 tantummodo
1027 3959 1070 4023 sit
1093 3957 1178 4033 talis,
1202 3953 1334 4042 qualem

129 4059 282 4132 diximus,
309 4059 479 4124 horribilis
505 4049 656 4125 defectus
684 4064 828 4127 omnium
854 4065 1013 4128 bonarum
1036 4061 1152 4126 virium
1176 4060 1210 4122 in
1232 4059 1333 4122 rebus

128 4161 358 4247 spiritualibus
382 4163 424 4227 ad
448 4163 544 4228 deum
571 4165 829 4248 pertinentibus,
854 4168 912 4232 sed
936 4165 1027 4253 quod
1051 4164 1146 4228 etiam
1169 4162 1330 4225 inlocum

128 4265 279 4351 imaginis
301 4263 354 4328 dei
375 4266 515 4332 amissae
531 4269 731 4333 successerit
745 4269 870 4346 intima,
894 4271 1045 4356 pessima,
1069 4263 1332 4353 profundissima

127 4453 328 4463 .-.—-—--—

198 4587 219 4656 1)
237 4584 313 4639 Lutb.
327 4586 352 4638 in
364 4603 405 4658 ps.
418 4587 459 4644 50,
495 4589 522 4659 2)
540 4588 700 4649 Melanohth.
713 4591 763 4648 loc.
778 4592 858 4646 theol.
