3084 5056
772 337 813 402 36

690 427 892 438 ——-—-

207 537 281 592 Haeo
294 538 445 612 propositio
460 544 502 592 est
513 537 577 592 hae·
590 538 990 611 adfidemeeelesiaepertinere,
1004 537 1187 592 auctoritatem
1200 536 1321 592 destruit.
1356 538 1410 591 At-

174 625 264 691 retica‚
283 623 446 692 Calviniana,
464 632 510 679 aut
524 625 577 678 Lu·
589 634 615 680 et
652 627 678 678 in
717 625 809 680 Sancti
848 625 991 697 Augustini
1002 643 1054 695 que
1078 625 1115 678 ita
1137 624 1299 680 declaratum
1321 631 1364 678 est
1380 625 1409 678 in

175 711 294 779 therana,
313 719 341 766 et
358 729 374 766 a
391 712 502 766 coneilio
515 711 578 766 Tri·
589 713 710 767 doctrina
727 714 902 767 indubitatam
920 730 990 766 esse.
1003 709 1218 784 congregatione
1235 711 1358 766 Romana
1373 711 1409 764 de

174 798 281 853 dentino
295 799 429 854 damnata
1002 799 1124 857 Auxiliis.

645 935 935 1008 ountsrropositio.

620 1023 770 1088 Fabricata‚
786 1033 813 1078 et
829 1025 955 1078 exhibita.

246 1124 550 1214 Semipelagianum
573 1135 625 1192 est
647 1127 767 1206 dicere,
799 1129 967 1194 Christum
989 1146 1052 1212 pro
1076 1123 1231 1190 omnibus
1256 1124 1393 1188 omnino

180 1228 376 1295 hominibus
391 1237 558 1296 mortuum
574 1251 648 1298 essa
663 1241 721 1298 aut
737 1233 932 1321 sanguinem
946 1229 1086 1297 fudisse.

232 1347 335 1401 Sensus
350 1347 516 1414 Haeretious,
650 1350 749 1416 Quinta
766 1352 926 1424 propositio,
1061 1346 1217 1419 Propositio
1230 1346 1344 1412 Quintae

171 1427 576 1506 quiquintaepropositionima·
586 1443 616 1490 ut
640 1454 656 1490 a
678 1438 755 1491 nobis
780 1439 935 1510 intelligitur
958 1455 989 1491 ae
1001 1435 1143 1500 contraria,
1155 1441 1185 1488 ut
1198 1435 1230 1487 ab
1242 1434 1406 1488 adversariis

169 1521 240 1592 ligne
259 1521 350 1592 affingi
369 1529 473 1594 posset,
496 1541 575 1594 quam
709 1525 865 1580 defenditur.
1124 1521 1283 1575 defenditur·

169 1616 258 1661 tamen
270 1608 387 1681 legitime
403 1617 510 1680 sumpta
521 1629 575 1663 non
619 1610 858 1684 Semipelagianum
883 1620 926 1665 est
949 1612 988 1665 di·
1033 1606 1404 1679 NonestSemipelagianum,

328 1696 416 1749 habet.
585 1715 653 1762 cere,
668 1697 857 1770 Christnmpro
866 1699 987 1752 omnibus
1001 1694 1049 1747 sed
1059 1695 1223 1760 catholicum,
1235 1694 1323 1748 dicere
1331 1693 1405 1748 Chri-

204 1779 327 1834 Christus
337 1792 458 1836 mortuus
466 1789 573 1836 esttan·
584 1785 690 1838 omnino
702 1786 861 1852 hominibus,
880 1805 928 1840 seu
940 1804 986 1839 ne·
1000 1787 1070 1833 sium
1093 1789 1180 1836 morte
1205 1798 1255 1834 sua
1278 1781 1401 1833 omnibus

168 1865 304 1922 tummodo
323 1885 373 1940 pro
387 1869 572 1940 praedestina·
582 1873 652 1925 mine
696 1882 808 1945 excepto
854 1881 986 1926 mortuum
1000 1869 1105 1921 omnino
1120 1868 1280 1932 hominibus,
1293 1885 1341 1920 seu
1354 1884 1402 1920 ne·

167 1954 289 2019 tis,itaut
300 1955 317 2008 ii
330 1956 381 2008 soli
390 1975 440 2027 per
451 1958 572 2011 meritum
583 1977 653 2025 esse,
672 1978 704 2013 eo
719 1978 809 2026 sensu,
823 1968 853 2014 ut
864 1962 984 2014 omnibus
999 1955 1067 2008 mine
1111 1963 1223 2026 excepto
1254 1955 1401 2007 communi-

167 2042 261 2094 mortis
280 2040 379 2095 Christi
391 2061 481 2096 veram
493 2044 570 2098 fidem
582 2047 684 2100 nemine
708 2056 821 2119 excepto
846 2066 895 2118 per
913 2067 985 2101 mor·
999 2059 1076 2094 casse
1094 2043 1206 2111 gratiam
1219 2041 1341 2112 pr0xime
1354 2058 1401 2094 sse·

166 2127 336 2198 aejustitiem
350 2131 489 2200 accipiant.
581 2141 634 2187 tem
654 2134 712 2204 ejus
732 2135 822 2187 oblata
840 2134 875 2187 sit
896 2136 984 2205 gratia
998 2131 1140 2183 cessariam
1165 2129 1199 2182 ad
1226 2128 1400 2200 operandum,

200 2212 276 2268 Haeo
288 2216 439 2286 propositio
453 2225 495 2271 est
507 2218 569 2271 hae·
581 2220 735 2274 adsalutem
745 2222 984 2292 necessariaquam
998 2224 1043 2268 aut
1056 2215 1149 2268 saltam
1163 2215 1196 2267 ad
1213 2215 1399 2286 incipiendum,

165 2299 256 2365 retica,
283 2300 442 2368 calviniana,
466 2312 496 2356 ut
516 2304 569 2358 Lu·
580 2308 709 2378 consequi
721 2307 747 2359 in
759 2315 825 2361 nutu
838 2309 939 2360 arbitrii
950 2310 984 2360 sit
998 2311 1025 2354 ei
1037 2301 1071 2354 ad
1084 2302 1220 2354 orandum·

165 2385 284 2452 tharana,
302 2396 329 2442 et
345 2387 493 2443 aConoilio
507 2391 568 2444 Tri·
579 2395 695 2464 positum
713 2395 770 2447 sine
787 2394 890 2465 gratiae
902 2397 941 2448 'ex
954 2413 983 2448 se
1032 2388 1200 2441 sustinemus
1228 2404 1259 2440 ³0
1289 2387 1399 2440 demon·

165 2471 273 2528 dentino
284 2477 417 2530 damnata.
581 2481 696 2534 efficacis
710 2481 852 2552 adjutorio.
996 2482 1082 2527 strate
1099 2475 1186 2546 parati
1214 2491 1306 2529 sumus
1331 2474 1398 2526 hanc

614 2568 783 2622 sustinemus
812 2587 843 2622 ηρ
873 2569 982 2623 demon.
995 2563 1222 2632 propositionem,
1258 2577 1326 2632 quae
1356 2567 1399 2612 est

578 2662 666 2709 strare
689 2657 776 2727 parati
801 2674 893 2710 sumus
914 2657 981 2710 hanc
993 2647 1111 2701 Molinae
1131 2657 1157 2700 et
1175 2649 1397 2711 adversariorum,

551 2728 785 2814 ¹propositionem
828 2743 862 2795 ad
903 2743 980 2797 fidem
994 2737 1129 2788 continere
1141 2735 1288 2788 doctrinam
1300 2733 1397 2787 Conci-

577 2829 715 2882 Ecelesiae
739 2830 879 2900 pertinere,
905 2838 932 2883 et
955 2831 980 2882 in
994 2822 1029 2874 lio
1048 2822 1206 2875 Tridentino
1228 2821 1397 2884 contrariam,

577 2916 668 2968 Sancti
691 2917 838 2988 Augustini
859 2917 980 2970 doctrina
994 2916 1073 2978 atque
1092 2910 1171 2962 etism
1189 2925 1252 2962 esse
1273 2907 1396 2978 Pelagia-

576 3003 749 3058 indubitstam
762 3022 833 3058 esse,
991 3012 1065 3060 nam,
1083 3003 1130 3048 aut
1146 2994 1395 3066 Semipelagianam,

991 3083 1054 3152 quia
1071 3083 1174 3153 gratiae
1193 3081 1300 3146 Christi,
1319 3098 1352 3134 ex
1364 3095 1395 3132 so

990 3168 1107 3222 elfieaois
1125 3169 1160 3222 ad
1177 3168 1299 3240 singulos
1318 3175 1394 3219 sotus

989 3256 1178 3308 necessitatem
1190 3253 1311 3308 destruit.
1342 3253 1395 3305 At-

991 3359 1042 3412 que
1063 3341 1100 3395 ita
1125 3341 1290 3396 declaratum
1308 3339 1394 3410 estin

991 3427 1091 3500 Congr.
1103 3427 1180 3482 Rom.
1194 3428 1226 3481 de
1238 3426 1393 3496 Auxiliis1).

231 3559 314 3628 Inde
335 3561 457 3651 liquet,
478 3563 713 3641 Jansenianos,
738 3570 775 3629 ut
794 3565 1048 3651 propositiones
1072 3587 1233 3632 censurae
1249 3564 1382 3630 subtra-

166 3661 302 3745 herent,
325 3663 478 3734 diversos
501 3691 621 3734 sensus
642 3667 709 3732 illis
730 3667 903 3734 effinxisse
924 3678 1026 3759 atque
1047 3670 1206 3749 affixisse,
1229 3689 1381 3756 quoeun-

168 3789 234 3854 que
249 3768 349 3836 modo
365 3769 531 3840 ludentes.
577 3771 839 3850 Contenderunt,
856 3775 1082 3861 propositioni
1098 3775 1234 3840 cuilibet
1247 3794 1381 3838 sensum

163 3891 268 3957 posse
302 3895 376 3938 esse
405 3883 439 3939 et
466 3877 631 3953 nativum,
665 3876 865 3954 naturalem,
895 3879 1093 3966 rigorosum‚
1135 3888 1168 3944 et
1197 3877 1384 3964 proprium,

161 3972 354 4062 legitimum,
378 3999 581 4064 germanum3
605 3981 632 4046 si
656 4003 776 4045 sensus
792 3980 935 4068 alicujus
950 3982 1195 4068 propositionis
1217 3980 1378 4044 naturalis

162 4087 196 4142 et
217 4078 392 4167 rigorosus
414 4103 434 4146 a
456 4084 586 4150 nemine
609 4083 854 4162 defenderetur,
881 4093 961 4150 tuno
985 4107 1119 4150 sensum
1141 4085 1232 4150 huno
1254 4105 1377 4158 verum,

156 4202 369 4268 germanum,
392 4187 579 4272 proprium,
601 4188 783 4276 legitimum
806 4187 871 4253 dici
892 4211 963 4254 non
984 4188 1121 4272 debere3
1150 4210 1274 4267 verum,
1302 4208 1377 4275 ger·

158 4385 361 4403 ———-.

230 4487 254 4559 1)
272 4487 359 4544 Breve
377 4489 472 4546 istoria
489 4493 560 4548 delle
576 4493 728 4562 variationi,
746 4492 789 4549 del
808 4493 997 4551 Giansenismo
1014 4493 1084 4551 dalla
1096 4513 1147 4551 sua
1159 4493 1261 4566 origine
1274 4493 1333 4547 sino
1346 4491 1372 4546 al

157 4582 286 4645 presente
298 4573 350 4632 alla
361 4578 467 4636 Santita
479 4580 506 4635 di
517 4581 552 4637 N.
564 4583 674 4654 signore
686 4581 762 4655 Papa
775 4582 923 4640 Benedetto
936 4584 1012 4642 xiv.
1028 4585 1058 4639 In
1070 4585 1165 4655 Roma,
1177 4579 1368 4636 MDCCXLV.
