3050 5046
729 349 771 419 89

656 440 854 453 ,Μ

149 556 310 622 Calvinus
326 555 446 620 deinde
462 577 529 621 non
546 557 680 644 negavit
702 557 867 621 voluntati
884 579 902 619 a
918 556 982 622 deo
1005 541 1114 620 motae
1137 563 1171 620 et
1193 555 1358 620 excitatae

148 660 215 724 vim
238 681 312 724 esse
335 659 489 746 eligendi,
512 659 572 725 sed
593 660 752 747 intellige,
775 661 822 726 rei
845 661 1040 746 propositae
1062 658 1218 724 reflexam
1241 660 1356 744 cogni-

148 764 274 828 tionem
297 764 332 826 in
355 785 461 850 eaque
484 763 774 848 complacentiam3
809 773 862 828 ast
885 763 1037 849 profecto
1061 785 1134 828 cum
1158 760 1359 826 Jansenistis

147 867 286 953 negavit
313 867 453 930 activam
480 866 732 932 indifferentiam
755 867 920 931 voluntati
942 866 1079 931 inditam
1103 866 1145 930 ad
1167 865 1359 928 alterutram

147 983 277 1056 partem
300 991 336 1032 se
358 969 549 1035 inclinandi.
593 971 748 1035 Liberum
770 969 939 1034 arbitrium
956 969 1116 1038 Calvinus
1133 989 1242 1054 neque
1257 989 1275 1031 e
1291 988 1358 1030 me-

149 1073 210 1137 dio
225 1073 372 1147 sustulit,
397 1073 511 1160 quoad
527 1073 593 1138 hoc
609 1075 741 1137 nomine
757 1074 991 1150 voluntarium,
1008 1073 1070 1137 etsi
1087 1072 1198 1158 aliqua
1214 1071 1359 1135 necessi-

149 1185 221 1242 tate
236 1176 382 1263 ligatum,
405 1177 618 1264 intelligatur,
642 1177 674 1241 id
692 1177 784 1264 quod
800 1187 832 1242 et
844 1176 1037 1242 Janseniaui
1053 1175 1252 1240 concedunt.
1284 1173 1360 1238 Cal·

149 1281 250 1345 vinus
280 1280 424 1367 denique
452 1299 621 1367 nunquam
651 1281 838 1356 contendit,
877 1279 1081 1344 voluntatem
1106 1279 1280 1342 coactione
1303 1283 1362 1340 aut

148 1384 352 1448 necessitate
375 1383 532 1449 absoluta
554 1393 588 1448 et
610 1385 848 1472 consequentis
871 1383 995 1470 abripi,
1021 1384 1067 1446 ita
1089 1391 1128 1446 nt
1150 1403 1191 1446 ex
1213 1381 1361 1445 motione

149 1487 205 1551 dei
228 1507 386 1551 assensus
408 1496 525 1552 noster
545 1488 735 1553 necessario
759 1495 933 1576 sequatur,
971 1485 1032 1550 sed
1055 1508 1128 1550 cum
1150 1483 1362 1549 Jansenianis

149 1589 318 1654 voluntati
334 1591 565 1655 necessitatem
582 1591 773 1678 simplicem,
790 1591 1060 1678 consequentiae,
1082 1588 1263 1654 seeundum
1280 1586 1362 1674 quid

148 1693 310 1767 vindieat,
334 1694 380 1758 ita
402 1705 440 1758 ut
462 1715 502 1758 ex
525 1695 673 1758 motione
696 1694 749 1760 dei
772 1715 931 1758 assensus
954 1693 1144 1758 necessario
1162 1691 1360 1756 necessitate

149 1798 413 1883 consequentiae
436 1813 605 1884 sequatur.

214 1899 333 1986 Neque
347 1899 538 1965 Janseniani
562 1901 603 1964 ab
626 1899 773 1986 ejusdem
790 1899 930 1966 Concilii
945 1898 1223 1964 condemnatione
1239 1919 1275 1962 se
1291 1918 1360 1960 ser-

150 2004 288 2083 vabunt,
309 2001 510 2091 objiciendo,
529 2003 622 2091 quod
637 2025 702 2066 non
720 2003 836 2067 eodem
854 2025 922 2089 quo
939 2003 1124 2068 Calviuiaui
1140 2001 1239 2064 modo
1257 2021 1359 2085 opera

151 2106 330 2171 infidelium
354 2117 387 2172 et
409 2115 623 2192 peccatorum
639 2106 788 2170 nondum
798 2105 1057 2192 justificatorum
1075 2105 1159 2169 mala
1176 2114 1209 2168 et
1223 2113 1360 2188 peccata

130 2203 133 2210 ’
154 2231 226 2272 esse
248 2199 433 2287 affirment,
446 2211 472 2274 si
497 2209 629 2296 quidem
653 2233 693 2273 ex
718 2211 971 2294 protestantium
988 2232 1089 2274 sensu
1106 2217 1278 2294 peceatum
1295 2207 1360 2270 ori-

153 2312 262 2398 ginale
284 2320 453 2400 tamquam
477 2313 621 2400 qualitas
646 2313 790 2398 positiva
813 2321 845 2376 ct
868 2313 1056 2376 substantia
1079 2311 1164 2375 mala
1187 2311 1228 2374 ab
1244 2309 1360 2374 intrin-

152 2437 230 2480 seco
247 2417 396 2480 actiones
412 2416 557 2480 bominis
572 2411 725 2491 maculet,
742 2438 782 2479 ex
797 2415 947 2480 Jansenii
963 2437 1042 2478 vero
1059 2423 1239 2501 systemate
1256 2434 1359 2498 opera

149 2520 193 2584 ab
209 2520 398 2584 extrinseco
422 2541 480 2605 per
502 2519 715 2604 cupiditatem
732 2519 899 2583 victricem
917 2529 949 2583 et
965 2519 1119 2603 superius
1134 2517 1357 2582 dominantem

148 2623 237 2686 mala
266 2621 354 2686 fiant.
400 2622 503 2687 Error
532 2623 616 2687 enim
644 2623 728 2686 idem
753 2637 786 2686 et
809 2621 938 2687 Caluini
961 2631 994 2685 et
1015 2621 1166 2685 Jansenii
1188 2629 1240 2684 est
1262 2627 1295 2683 et
1318 2640 1359 2682 ex
1404 2637 1407 2644 ’

148 2725 272 2791 eodum
294 2725 512 2790 fundamento
541 2725 723 2812 profluens.
769 2724 977 2812 Quamquam
998 2724 1177 2789 Jansenius
1199 2723 1273 2808 ipse
1296 2722 1360 2786 sibi

147 2849 219 2892 non
242 2836 310 2893 stat
332 2849 501 2906 asserens,
526 2828 558 2894 S.
581 2829 758 2916 Augustini
782 2828 966 2893 doctrinam
990 2850 1025 2892 se
1048 2827 1193 2904 tradere,
1217 2829 1304 2890 sicut
1326 2835 1360 2890 et

148 2931 373 3016 Calvinum1).
429 2932 602 2997 Catholica
629 2933 715 2998 anim
741 2931 893 2996 doctrina
918 2930 997 2995 huic
1026 2931 1126 3018 plane
1157 2930 1356 2994 contrariam

147 3045 250 3122 atque
283 3035 458 3100 adversam
492 3036 635 3101 exbibet.
695 3036 796 3100 Juxta
825 3057 910 3112 eam,
949 3035 1068 3098 amissa
1099 3055 1158 3118 per
1186 3043 1360 3118 peccatum

148 3138 301 3226 originali
322 3139 453 3226 justitia
476 3148 510 3204 et
532 3140 719 3214 sanctitate,
743 3139 882 3204 liberum
906 3139 1077 3202 arbitrium
1099 3157 1160 3224 per
1182 3145 1356 3222 peccatum

147 3249 355 3306 attenuatum
379 3253 412 3308 et
432 3243 636 3321 inclinatum,
659 3243 789 3306 minime
812 3264 892 3306 vero
916 3242 1118 3306 exstinctum
1134 3249 1194 3318 est,
1219 3240 1306 3304 vires
1323 3248 1355 3304 et

147 3344 326 3410 facultates
356 3346 518 3410 humanae
544 3361 683 3411 naturae
709 3368 769 3430 per
794 3355 964 3431 peccatum
993 3341 1186 3408 debilitatae
1213 3352 1358 3428 possunt

147 3449 273 3537 gratiae
297 3449 486 3526 sufficienti,
509 3473 594 3536 quae
618 3450 842 3526 committitur,
866 3457 924 3512 aut
946 3447 1136 3512 consentire
1152 3455 1209 3510 aut
1225 3445 1354 3509 dissen-

147 3553 225 3628 tire,
253 3554 411 3618 voluntas
438 3563 552 3639 potest
578 3561 636 3616 aut
658 3551 832 3644 cooperari
856 3560 914 3616 aut
936 3573 1004 3615 non
1028 3550 1218 3636 cooperari,
1249 3549 1355 3636 gratia

147 3657 354 3722 voluntatem
383 3677 452 3720 non
475 3657 671 3731 necessitat,
702 3646 845 3720 nonest
873 3677 1003 3740 semper
1025 3653 1157 3727 efficax,
1188 3662 1301 3738 potest
1324 3653 1353 3718 ei

145 3761 271 3836 resisti,
302 3760 344 3824 ad
365 3759 550 3824 libertatem
568 3759 835 3824 constituendam
851 3759 1040 3822 immunitas
1056 3768 1124 3822 tum
1142 3779 1161 3820 a
1182 3757 1358 3822 coactione

145 3872 214 3926 tum
238 3885 258 3928 a
279 3863 478 3928 necessitate
493 3864 684 3949 requiritur,
708 3863 808 3926 homo
826 3884 885 3947 per
900 3870 1073 3946 peceatum
1089 3861 1122 3924 in
1138 3859 1356 3925 facultatibus

145 3966 216 4030 suis
242 3965 435 4030 debilitatus
461 3975 592 4052 potest,
620 3965 746 4030 relictis
767 3965 800 4029 in
822 3987 861 4029 eo
885 3965 1015 4048 pristini
1037 3963 1171 4027 luminis
1192 3962 1356 4038 scintillis,

145 4080 178 4132 et
204 4070 402 4157 quibusdam
430 4067 617 4134 honestatis
647 4069 845 4141 seminibus,
870 4068 941 4131 sine
970 4067 1077 4154 gratia
1107 4065 1354 4152 supernaturali

143 4172 274 4260 aliquas
304 4173 462 4237 veritates
493 4171 620 4236 ordinis
650 4171 812 4236 naturalis
848 4192 1068 4257 cognoscere,
1106 4192 1209 4254 opera
1239 4169 1352 4257 aliqua

141 4276 295 4342 faciliora
314 4297 491 4362 peragere,
514 4275 716 4340 tentationes
737 4274 830 4340 leves
852 4295 1025 4360 superare,
1049 4273 1158 4336 omnia
1174 4271 1353 4339 infidelium

142 4487 343 4495 *η-

215 4599 235 4670 1)
254 4598 293 4651 De
305 4607 373 4670 grat.
388 4599 454 4652 salv.
468 4599 484 4651 l.
499 4601 522 4656 8.
537 4617 559 4652 c.
572 4602 614 4658 21.
