3050 5046
703 307 904 411 *143-

201 513 335 580 subdita
350 515 404 593 sit,
418 523 457 579 ut
468 515 510 579 ab
522 514 597 600 ipsa
610 529 761 602 rogatum
776 516 930 602 ideoque,
945 516 1052 602 gratia
1063 515 1238 584 suavitatis
1250 516 1409 583 coelestis

198 618 391 702 abripiente,
409 619 640 683 necessitatem
656 619 739 684 bene
755 619 874 706 agendi
890 617 1012 682 inferri.

261 720 314 785 Ex
337 741 405 806 quo
429 721 682 808 cognoscimus,
706 722 891 786 doctrinam
911 720 1146 786 Jansenianam
1169 720 1212 784 ab
1236 743 1288 799 ea,
1315 743 1404 808 quae

198 823 579 888 Praedestinatianorum
606 823 737 900 dicitur,
759 824 918 909 imprimis
939 823 1149 900 Calviniana,
1173 846 1240 887 non
1262 823 1406 888 alienam

200 947 274 991 esse
304 948 413 1012 neque
441 948 510 992 non
540 928 604 991 nisi
633 926 738 992 verbo
768 937 878 1002 tenus,
907 948 1016 1013 neque
1044 926 1111 991 hoc
1141 927 1253 1000 semel,
1282 927 1325 990 ab
1347 926 1408 990 illa

200 1029 334 1094 distare.
386 1028 487 1109 Quod
510 1031 641 1117 quidem
665 1029 874 1094 Janseuistaa
900 1050 969 1093 non
994 1031 1194 1106 concedunt,
1218 1030 1407 1095 catholicos

197 1153 233 1196 se
249 1141 443 1196 constanter
458 1133 660 1199 simulantes.
705 1132 980 1218 Tergiversantes
996 1135 1081 1197 enim
1094 1133 1265 1218 objiciunt,
1283 1133 1406 1218 agendi

198 1244 397 1320 potestatem
413 1236 538 1322 gratiae
552 1236 683 1300 insitam
700 1235 824 1320 duplici
840 1235 941 1300 modo
958 1236 1172 1320 spectandam
1189 1258 1279 1300 esse:
1294 1236 1407 1300 inesse

197 1339 322 1424 gratiae
351 1339 416 1402 vim
447 1339 608 1424 operandi
638 1349 671 1402 et
698 1338 887 1402 absolutam
914 1353 947 1402 et.
972 1339 1152 1408 relativam.
1206 1338 1406 1404 Absolutum

198 1442 312 1505 vocari
335 1463 422 1518 eam,
446 1462 546 1527 quam
568 1443 675 1528 gratia
697 1463 739 1504 ex
761 1463 822 1505 sna
842 1451 976 1518 natura,
998 1442 1033 1505 in
1054 1463 1090 1506 se
1113 1441 1323 1528 simpliciter,
1346 1463 1407 1526 per

198 1537 450 1610 antecedentem
473 1543 528 1608 dei
553 1545 771 1619 voluntatem,
802 1544 980 1609 abstractis
1007 1543 1152 1608 hominis
1174 1544 1406 1628 dispositioni-

197 1646 270 1725 buS,
285 1647 448 1733 praecisis
471 1646 636 1722 omnibus,
659 1646 722 1710 sub
740 1667 878 1731 quarum
888 1647 973 1734 jugo
992 1659 1119 1734 agatur,
1137 1647 1404 1723 circumstantiis,

196 1749 239 1814 ad
253 1750 418 1838 agendum
434 1751 620 1827 contineam
643 1748 814 1813 relativam
836 1749 912 1826 dici,
936 1772 1034 1835 quam
1051 1750 1157 1837 gratia
1174 1772 1216 1814 ex
1229 1750 1404 1814 voluntate

196 1853 250 1918 dei
272 1864 512 1940 consequente,
535 1875 603 1917 non
620 1853 808 1928 abstractis,
835 1853 894 1917 sed
909 1855 1081 1938 respectis,
1105 1853 1171 1916 illis
1188 1854 1405 1918 circumstan-

196 1957 261 2033 tiis,
276 1956 414 2021 relative
436 1956 478 2022 ad
500 1957 691 2042 oppositam
712 1956 933 2020 tentationum
954 1956 1193 2020 mundanarum
1209 1956 1404 2046 potentiam,

195 2058 238 2123 ad
260 2059 461 2144 operandam
484 2059 665 2144 possideat.
710 2056 857 2122 Gratiam
878 2059 1068 2124 absolutam
1089 2081 1130 2124 ex
1152 2080 1188 2123 se
1208 2059 1346 2124 tendere
1362 2059 1405 2122 ad

194 2161 319 2226 bonum
340 2161 525 2248 perfectum
546 2161 805 2248 exsequendum,
828 2161 1000 2226 relativam
1021 2185 1090 2226 uon
1112 2163 1223 2242 aliter,
1253 2182 1352 2248 quam
1376 2162 1405 2225 si

195 2265 339 2350 subjecti
359 2265 538 2350 dispositio
561 2266 595 2329 id
611 2265 773 2329 admittat.
818 2264 916 2329 Velle
938 2265 1044 2341 deum,
1067 2275 1105 2330 ut
1120 2266 1226 2352 gratia
1241 2286 1406 2330 concessa

192 2368 349 2432 mandata
365 2389 427 2432 sua
442 2368 483 2432 ab
500 2368 692 2432 hominibus
711 2368 944 2442 observentur,
968 2368 1037 2458 sed·
1049 2367 1146 2444 velle,
1169 2379 1207 2432 nt
1222 2367 1406 2432 observen-

195 2480 249 2536 tur
262 2472 370 2557 gratia
385 2471 426 2535 de
443 2471 626 2556 cupiditate
643 2479 850 2556 repugnante
866 2471 1019 2554 superius
1035 2471 1175 2549 victrici,
1196 2491 1266 2536 non
1281 2480 1403 2544 autem,

194 2589 231 2638 ut
246 2576 467 2639 observentur
482 2575 587 2660 gratia
603 2595 716 2658 parva,
739 2572 775 2637 id
791 2585 851 2648 est,
867 2595 954 2638 mere
972 2572 1167 2638 sufficiente.
1211 2573 1310 2638 Hauc
1325 2595 1401 2660 gra-

194 2678 269 2742 tiam
288 2699 422 2762 parvam
443 2700 546 2763 posse
563 2677 695 2763 quidem
716 2675 882 2741 efficacem
899 2697 983 2754 esse,
1007 2697 1116 2761 neque
1133 2688 1241 2740 tamen
1259 2677 1404 2761 proximi

194 2780 341 2853 effeetus,
369 2782 437 2866 qui,
465 2781 602 2844 libidine
628 2802 688 2866 per
713 2779 965 2844 delectationem
995 2778 1173 2842 coelestem
1202 2778 1344 2854 devicta,
1368 2779 1401 2841 in

193 2884 283 2947 bono
300 2881 446 2968 perfecte
462 2895 580 2947 exacto
597 2883 769 2960 consistat,
787 2881 846 2946 sed
863 2881 970 2944 solius
986 2883 1058 2967 ejus
1075 2881 1223 2962 effectus,
1241 2880 1283 2945 ad
1300 2903 1399 2967 quem

193 2987 332 3052 ulterius
362 2986 515 3051 ordinata
543 2986 674 3062 tendat,
711 2997 749 3050 ut
778 2985 883 3070 prima
910 2984 1003 3048 initia
1034 2997 1067 3049 et
1096 2983 1261 3048 desideria
1290 2984 1400 3047 bonae

194 3089 378 3155 voluntatis
402 3090 532 3154 excitet.
577 3089 659 3154 Eam
684 3109 754 3151 non
783 3098 978 3152 convertere
1001 3087 1178 3163 hominem,
1201 3086 1397 3171 cupiditatis

194 3193 435 3258 tentationibus
451 3192 620 3277 agitatum,
638 3189 774 3276 quando
791 3189 925 3276 quidem
939 3190 1097 3257 voluntas
1113 3191 1237 3276 majore
1253 3189 1397 3255 delecta-

192 3296 284 3361 tione
307 3296 349 3361 ad
373 3295 564 3381 oppositum
588 3293 749 3371 trahatur,
773 3294 924 3379 quamvis
947 3316 989 3358 ex
1011 3303 1129 3358 natura
1144 3315 1214 3370 sua,
1238 3293 1394 3358 absolute

192 3409 354 3485 spectata,
376 3401 411 3463 vi
431 3408 525 3462 tanta
541 3396 693 3462 effectiva
714 3406 875 3460 exornata
890 3397 943 3471 sit,
966 3405 1005 3461 ut
1019 3397 1173 3461 virtutem
1188 3396 1253 3481 ipsi
1267 3417 1395 3482 propo·

192 3505 298 3579 sitam,
328 3523 429 3588 quam
453 3500 613 3577 intendat,
643 3501 777 3586 assequi
808 3515 923 3585 queat;
953 3521 1050 3584 quam
1080 3509 1301 3584 recuperaret,
1333 3500 1395 3563 nisi

190 3606 379 3671 resistentia
394 3604 586 3690 cupiditatis
598 3603 845 3667 vehementiore
859 3602 1080 3687 impediretur.
1124 3601 1212 3666 Vere
1228 3601 1395 3666 efficacem

191 3710 291 3797 igitur
306 3730 380 3773 esse
402 3729 536 3794 parvam
558 3707 694 3794 gratiam
717 3727 786 3769 uon
802 3726 913 3790 posse,
936 3715 969 3770 et
989 3705 1121 3792 quidem
1138 3705 1180 3768 ob
1197 3705 1285 3768 vires
1301 3706 1393 3790 cupi·

190 3813 303 3878 ditatis
318 3811 440 3876 fortius
461 3811 657 3876 resistentis.
702 3807 835 3873 Gratiae
850 3808 1005 3873 absolute
1019 3808 1208 3874 intellectae
1222 3829 1392 3894 nunquam

189 3926 390 4003 potestatem
413 3913 563 3994 deficere,
586 3913 646 3978 sed
668 3921 777 3977 tamen
793 3912 909 3976 deesse
924 3921 1079 3998 respectu
1095 3911 1267 3997 potentiae
1282 3911 1393 3976 libidi-

187 4041 307 4097 nosae3
337 4021 450 4104 itaque
480 4017 606 4081 homini
635 4017 670 4080 in
699 4017 805 4102 gratia
834 4016 1021 4080 constituto
1052 4037 1111 4100 per
1139 4014 1227 4079 hauc
1252 4016 1391 4102 gratiam

188 4124 299 4188 inesse
327 4131 540 4208 potestatem,
565 4118 721 4184 mandata
748 4119 860 4183 divina
886 4118 1054 4204 implendi,
1084 4139 1194 4204 neque
1223 4125 1333 4182 tamen
1364 4117 1393 4182 ei

189 4226 299 4291 omnia
327 4225 370 4288 ad
397 4223 565 4310 implenda
591 4224 778 4288 necessaria
804 4222 905 4287 tribui
928 4221 1039 4286 eadem
1064 4221 1178 4308 gratia.
1222 4219 1260 4284 ln
1284 4221 1391 4305 primo

188 4341 266 4394 actu
295 4336 495 4414 potestatem
524 4327 700 4414 gratuitam
729 4325 864 4401 adesse,
899 4333 937 4388 ut
966 4333 1075 4389 autem
1103 4325 1138 4388 in
1168 4332 1277 4390 aetum
1306 4323 1389 4388 hacc

189 4441 347 4515 erumpat,
364 4430 532 4518 adjutorio
548 4429 662 4496 divino
678 4428 819 4514 amplius
836 4449 923 4513 opus
939 4449 1023 4492 esse.

251 4533 345 4602 Haec
366 4535 413 4602 ita
435 4556 472 4602 se
493 4533 617 4600 habere
638 4531 832 4598 lausaniani
853 4553 957 4622 quum
972 4530 1124 4612 doceant,
1148 4529 1224 4620 quis
1240 4537 1300 4608 est,
1331 4527 1388 4620 qui
