3084 5056
758 299 957 434 *a*

253 537 435 620 (Arnauld),
452 538 857 622 doctoremsorbonicum‚
869 539 1028 606 Jansenio
1040 539 1216 620 faventem,
1229 540 1346 604 librum
1357 540 1464 606 edidit

253 643 463 728 inscriptum:
488 642 655 720 „Defense
679 643 719 707 de
741 643 773 707 la
794 643 887 716 roir‘
910 620 1075 707 omnihic
1092 643 1338 730 studiocontra
1352 665 1463 708 novas

254 747 431 830 opiniones
457 745 650 813 reluctatus,
697 745 748 809 Ex
770 745 872 810 altera
894 755 987 832 parte
1012 747 1180 811 Antonius
1205 746 1371 811 Arnaldus
1399 768 1463 832 pro

252 849 411 914 lansenio
439 869 592 935 pugnans
621 849 806 933 respondit,
838 848 969 914 duabus
999 849 1164 936 apologiis
1196 850 1292 912 annis
1321 850 1405 914 1644
1433 859 1465 914 01

255 951 345 1018 1645.
363 952 568 1036 compositis.
613 951 688 1016 Hoc
705 973 792 1016 anno
812 952 903 1017 1644.
928 951 1024 1017 Bulla
1039 951 1165 1017 Urbani
1181 950 1270 1017 VIII.
1284 951 1325 1016 ad
1341 951 1462 1016 Facul-

141 1081 142 1088 ¹
251 1063 351 1119 tatem
375 1054 407 1119 S.
432 1054 641 1141 Theplogiae
669 1055 887 1120 Parisiensem
910 1057 1051 1141 jubente
1073 1076 1151 1141 rege
1180 1055 1300 1128 delata,
1322 1057 1463 1120 vetitum

254 1165 314 1236 est,
338 1180 379 1222 ne
403 1157 478 1244 quis
502 1157 701 1222 sorbonicus
731 1157 830 1221 ullam
855 1181 895 1223 ex
924 1158 1214 1244 propositionibus
1237 1179 1257 1221 a
1278 1158 1339 1222 Pio
1363 1158 1406 1222 V.
1433 1169 1464 1222 ct

254 1259 417 1346 Gregorio
434 1259 524 1324 XIII.
539 1259 703 1324 damnatis
720 1259 928 1339 defenderet3
945 1262 1069 1346 pariter
1080 1259 1462 1346 archiepiscopusPari-

255 1363 375 1428 siensis
397 1361 438 1428 60
460 1362 584 1450 Gondy
607 1362 723 1428 eodem
746 1372 894 1450 tempore
916 1364 1074 1450 parochis
1091 1363 1367 1428 constitutionem
1384 1385 1462 1450 pro-

253 1465 467 1552 mulgandam
488 1465 635 1547 tradidit,
659 1467 756 1552 cujus
779 1467 946 1532 decretum
968 1489 1056 1531 anno
1082 1467 1172 1531 1645.
1188 1467 1323 1532 ineunte
1337 1467 1462 1532 lectum

253 1577 287 1633 et
301 1568 545 1666 promulgatum
563 1577 623 1633 est.
668 1569 819 1634 Dimican
832 1571 912 1634 tbus
927 1578 1037 1634 tamen
1052 1561 1133 1634 viris
1147 1570 1266 1650 doctis,
1283 1570 1463 1656 praecipue

253 1671 480 1738 baccalaureis
503 1671 690 1738 academiae
714 1673 913 1759 quibusdam
937 1673 1051 1738 theses
1074 1673 1255 1738 nonnullas
1276 1673 1316 1738 ad
1339 1695 1462 1737 novam

253 1776 440 1841 doctrinam
462 1795 648 1861 propensas
670 1777 947 1862 proponentibus,
972 1777 1092 1842 doctor
1113 1776 1278 1842 Cornetus
1300 1776 1462 1860 (Cernat),

253 1879 424 1945 facultatis
454 1878 664 1966 theologicae
694 1880 872 1966 syndicus,
901 1880 1037 1962 veritus,
1068 1902 1109 1944 60
1138 1881 1171 1944 16
1198 1879 1381 1966 periculum
1410 1902 1461 1945 res

254 1983 413 2048 ecclesiae
435 1981 715 2048 016616010116110
738 1983 993 2062 adducerentur,
1018 2005 1101 2049 neve
1123 1983 1214 2048 salus
1234 1984 1268 2048 16
1285 1983 1461 2048 discrimen

253 2093 461 2166 avocaretur,
472 2085 513 2150 de
527 2085 594 2150 illis
606 2085 759 2152 thesibus
769 2087 932 2174 judicium
946 2095 984 2152 ut
995 2086 1106 2166 ferret,
1119 2086 1311 2152 facultatem
1322 2087 1460 2160 monuit,

253 2209 341 2253 anno
368 2188 458 2254 1649.
483 2188 535 2253 610
561 2190 587 2254 l.
610 2188 699 2268 dulit,
726 2212 888 2255 unacum
913 2191 1087 2256 nonnullis
1109 2189 1246 2255 Jesuitis
1269 2198 1398 2276 septem
1423 2212 1461 2254 ex

254 2292 329 2357 istis
351 2290 505 2356 thesibus
529 2291 711 2372 offerendo,
736 2315 875 2380 quarum
891 2293 1011 2358 deinde
1028 2293 1111 2358 duas
1127 2292 1181 2356 his
1196 2294 1306 2358 verbis
1324 2295 1459 2358 concin-

253 2402 364 2460 natas:
386 2394 521 2472 „Sensit
543 2395 620 2459 olim
637 2395 787 2472 ecclesia,
810 2397 972 2482 privatam
995 2395 1264 2462 sacramentalem
1287 2397 1460 2482 poeniten·

253 2499 330 2564 tiam
348 2498 572 2584 propeccatis
594 2498 736 2564 occultis
757 2510 826 2563 'non
843 2498 1004 2565 sufficere.
1037 2498 1207 2564 Naturalis
1222 2499 1348 2564 attritio
1367 2498 1459 2564 suffi-

254 2603 299 2667 cit
314 2601 357 2666 66
372 2609 613 2666 sacramentum
629 2602 888 2687 poenitentiae;“
910 2603 1055 2668 rescidit.
1102 2601 1192 2666 Viris
1208 2603 1317 2667 doctis
1332 2603 1459 2675 electis,

253 2704 312 2790 qui
327 2703 368 2768 de
383 2727 418 2768 10
435 2703 621 2789 ponderata
642 2709 837 2770 sententiam
856 2705 1013 2784 dicerent,
1035 2704 1079 2769 ad
1094 2704 1286 2770 facultatem
1296 2705 1460 2792 judicium

253 2807 372 2871 exinde
388 2806 532 2883 relaturi,
553 2811 767 2895 septuaginta
782 2829 862 2874 vero
879 2809 1075 2874 doctoribus
1093 2808 1226 2874 Corneti
1244 2817 1276 2872 et
1291 2808 1460 2874 facultatis

254 2910 431 2996 proposito
455 2911 675 2996 repugnando
706 2912 749 2976 ad
773 2921 923 2978 senatum
946 2913 1117 2998 regressis,
1141 2919 1278 2976 senatus
1302 2912 1459 2977 consulto

253 3014 355 3078 dieb.
381 3012 539 3078 Octobris
563 3015 639 3078 anni
665 3014 752 3079 1649.
778 3017 995 3082 constitutum
1018 3024 1078 3088 est,
1102 3035 1144 3078 ne
1167 3015 1317 3101 quinque
1333 3035 1458 3102 propc-

254 3116 392 3181 sitiones
413 3116 457 3182 66
479 3137 616 3181 examen
636 3129 885 3194 revoca-rentur,
909 3117 1016 3182 donec
1033 3115 1129 3181 aliter
1144 3118 1313 3210 provisum
1329 3117 1458 3183 fuisset.

253 3218 409 3306 Quinque
432 3220 683 3306 propositiones
707 3243 725 3283 a
748 3215 895 3298 Corneto
926 3219 1161 3285 examinandas
1183 3219 1334 3285 facultati
1365 3219 1458 3286 exhi·

251 3323 342 3388 bitae
357 3323 419 3386 hae
436 3330 546 3386 erant:

318 3427 348 3506 1)
371 3425 515 3512 „Aliqua
538 3436 716 3512 praecepta
739 3426 929 3492 hominibus
946 3425 1050 3511 justis
1071 3425 1263 3490 volentibus
1286 3435 1319 3490 et
1334 3445 1457 3489 conan-

226 3587 228 3592 .
253 3529 343 3595 11660
353 3529 542 3594 secundum
557 3537 760 3614 praesentes,
777 3549 862 3617 quas
877 3527 1014 3604 habent,
1030 3528 1118 3593 vires
1134 3537 1212 3594 sunt
1227 3528 1457 3614 impossibilia,

252 3633 347 3700 deest
363 3651 499 3720 quoque
513 3631 580 3698 illis
595 3633 710 3719 gratia,
728 3654 795 3719 qua
810 3631 986 3719 possibilia
1001 3631 1113 3696 fiant.“

316 3737 349 3816 2)
373 3736 556 3812 „interiori
578 3737 703 3824 gratiae
726 3736 760 3800 16
784 3745 873 3801 statu
898 3743 1036 3800 naturae
1058 3734 1173 3820 lapsae
1206 3755 1374 3821 nunquam
1406 3755 1454 3799 re·

253 3840 390 3904 sistitur.
400 3848 419 3878 “

314 3942 347 4025 3)
370 3941 656 4020 „temerandum
679 3941 731 4005 vel
754 3940 987 4006 demerendum
1010 3940 1043 4004 in
1065 3947 1155 4004 statu
1180 3948 1317 4005 naturae
1341 3939 1453 4026 lapsae

251 4066 320 4110 non
335 4045 516 4131 requiritur
531 4046 564 4108 in
580 4044 714 4108 homine
729 4043 866 4110 libertas
882 4065 900 4108 a
916 4043 1126 4124 necessitate,
1144 4043 1203 4108 aed
1219 4041 1341 4110 sufficit
1356 4043 1453 4108 liber·

250 4158 302 4214 tas
319 4169 338 4212 a
352 4149 560 4213 coactione.“

314 4254 347 4332 4)
371 4249 648 4339 „semipelagiani
663 4249 882 4316 admittebant
893 4248 1138 4336 praevenientis
1151 4249 1276 4337 gratiae
1289 4244 1452 4313 interioris

250 4355 482 4422 necessitatem
506 4353 547 4419 ed
570 4353 722 4441 singulos
738 4361 842 4434 actus,
867 4349 962 4420 etiam
979 4352 1020 4419 ad
1036 4352 1163 4418 initium
1178 4352 1254 4418 fidei
1260 4374 1270 4431 ;
1292 4357 1326 4415 et
1338 4351 1373 4414 in
1388 4348 1451 4414 hoc

251 4466 346 4526 01661
366 4457 535 4536 haeretici,
560 4457 652 4544 quod
668 4455 793 4524 vellent
808 4479 878 4522 eam
895 4457 1032 4545 gratiam
1048 4455 1147 4522 talem
1163 4477 1247 4532 csse,
1271 4453 1327 4520 cui
1338 4457 1452 4540 posset

250 4560 396 4630 humana
410 4559 568 4628 voluntas
583 4559 807 4628 resistere'vel
823 4560 1082 4648 obtemperares
