3050 5046
700 319 900 428 „Q

200 542 258 600 aut
283 532 444 608 resistere,
474 532 631 596 laborant
657 541 690 597 et
715 531 913 607 claudicant,
937 531 1029 619 quod
1052 531 1096 598 ob
1120 555 1239 598 causae
1261 530 1409 600 difficul-

197 646 313 710 tatem,
350 635 566 701 subtilitatem
603 643 635 700 et
669 635 904 700 obscuritatem
946 635 1043 700 aliter
1072 658 1146 702 esse
1180 659 1249 701 uon
1278 646 1407 724 potest.

197 740 349 806 Ecclesia
371 739 413 804 de
437 739 626 804 scholarum
650 739 865 824 opinionibus
886 736 970 802 nihil
986 737 1144 815 definivit,
1168 741 1287 828 cuique
1301 741 1406 806 reliu-

200 843 388 931 quens,cui
403 865 439 907 se
454 842 596 907 addicat.
630 840 801 928 Pelagiani
817 849 848 905 et
863 841 1117 928 semipelagiani
1133 863 1262 906 omnem
1278 844 1406 930 gratiae

198 968 272 1012 cum
298 946 403 1012 libera
427 946 603 1010 voluntate
625 966 755 1020 nexum,
785 945 819 1008 in
846 965 914 1030 quo
943 966 1029 1030 opus
1056 944 1201 1009 salutare
1222 945 1404 1030 perficitur,

194 1049 333 1115 solvunt
367 1057 401 1114 et
436 1048 627 1124 destruunt,
648 1046 808 1112 'libertati
839 1049 965 1123 omnia,
1003 1048 1129 1132 gratiae
1158 1047 1242 1112 nihil
1271 1049 1402 1124 dantes,

195 1152 360 1229 docendo,
383 1159 441 1216 aut
463 1152 600 1238 gratiam
623 1151 757 1214 omnino
776 1150 818 1214 ad
836 1171 922 1236 opus
938 1149 1160 1237 peragendum
1176 1153 1402 1216 necessarium

194 1263 262 1319 nou
289 1275 372 1331 esse,
399 1253 616 1318 facultatibus
646 1263 784 1318 naturae
808 1254 971 1320 humanae
995 1253 1152 1339 perfectis
1179 1254 1270 1331 satis,
1301 1254 1400 1339 plene

195 1357 396 1432 valentibus
418 1365 476 1421 aut
492 1377 562 1420 eam
577 1357 830 1422 instrumentum
846 1377 930 1433 esse,
954 1379 1022 1444 quo
1038 1355 1168 1421 facilius
1184 1357 1307 1422 bonum
1324 1379 1399 1442 per-

192 1459 331 1525 ficiatur.
386 1459 491 1524 Aliter
519 1469 700 1526 novatores
729 1459 912 1530 Lutherani
942 1470 975 1524 et
1004 1459 1189 1524 calviniani
1212 1472 1400 1536 senserunt,

191 1563 290 1648 plane
313 1563 510 1628 contrariam
533 1563 715 1628 doctrinam
739 1571 1001 1650 propugnantes,
1025 1563 1148 1648 gratiae
1170 1563 1290 1639 omnia,
1314 1563 1398 1628 nihil

191 1665 298 1731 libero
323 1665 460 1730 arbitrio
484 1665 677 1730 tribuentes.
722 1666 834 1753 Bajus‚
857 1677 894 1730 ut
916 1665 1086 1730 horridum
1110 1686 1223 1730 eorum
1247 1677 1397 1752 systema

191 1767 433 1845 moderaretur,
472 1767 598 1854 aliquid
627 1769 792 1834 libertatis
822 1769 970 1844 admisit,
1009 1769 1149 1842 docens,
1187 1790 1260 1832 cnm
1291 1769 1398 1855 gratia

190 1871 326 1936 liberam
343 1871 549 1936 voluntatem
566 1874 740 1957 cooperari
756 1893 843 1958 opus
860 1893 943 1948 esse,
961 1879 1105 1936 attamen
1121 1869 1256 1934 liberam
1274 1871 1397 1935 volun·

189 1983 290 2040 tatem
306 1975 340 2038 in
354 1974 507 2039 libertate
520 1996 540 2038 a
552 1975 727 2040 coactione
742 1975 866 2060 posuit,
882 1997 992 2062 neque
1006 1975 1040 2037 in
1051 1973 1205 2038 libertate
1218 1995 1237 2038 a
1249 1975 1396 2038 necessi·

188 2085 266 2142 tate.
310 2077 484 2163 Ejusmodi
500 2099 579 2142 vero
595 2079 732 2143 libertas
749 2077 839 2142 nulla
855 2088 915 2142 est.
959 2077 1022 2142 Est
1035 2076 1203 2154 voluntas,
1217 2077 1396 2162 peccandi3

189 2202 286 2245 omne
313 2201 399 2264 opus
427 2181 552 2244 bouum
578 2182 684 2266 gratia
711 2203 770 2266 per
795 2179 1000 2244 voluntatem
1027 2177 1165 2264 perficit.
1215 2179 1396 2244 Jansenius

187 2283 331 2370 denique
362 2291 395 2346 et
425 2281 613 2362 Quesnelus
643 2282 860 2356 tradiderunt,
891 2283 1015 2368 gratiae
1044 2283 1193 2347 interiori
1223 2304 1394 2369 nunquam

184 2385 306 2461 resisti,
322 2406 391 2448 eam
408 2385 665 2450 ineluctabiliter
680 2386 819 2470 operari,
836 2385 1002 2448 hominem
1018 2385 1101 2448 nihil
1113 2385 1223 2450 valere
1238 2407 1393 2460 necessa-

186 2490 236 2554 rio
254 2488 487 2574 obsequutum.

247 2590 449 2655 Scholastici
479 2613 579 2677 quum
609 2589 650 2654 de
671 2589 796 2676 gratiae
817 2597 935 2654 natura
956 2600 988 2654 et
1010 2588 1157 2653 efficacia
1178 2588 1392 2668 dissererent,

186 2693 434 2780 quaesiverunt,
449 2694 538 2757 unde
554 2701 652 2768 esset,
674 2692 766 2778 quod
782 2694 897 2778 gratia,
920 2693 1048 2777 priores
1065 2691 1250 2775 suscipiens
1267 2701 1391 2776 partes,

184 2796 228 2860 ad
253 2796 393 2860 liberum
420 2797 590 2860 arbitrium
616 2795 788 2870 accedens,
818 2796 851 2858 in
878 2795 1016 2860 liberum
1044 2795 1213 2858 arbitrium
1237 2793 1390 2867 influens,

184 2921 258 2964 cum
280 2899 454 2964 voluntate
477 2919 673 2983 cooperans,
696 2919 765 2962 non
788 2919 918 2984 semper
940 2896 1091 2961 effectum
1112 2904 1391 2982 consequeretur:

183 3001 259 3066 ideo
287 3001 463 3067 discrimen
488 3003 575 3066 inter
601 3001 737 3088 gratiam
765 2999 990 3080 sufficientem
1006 3009 1038 3062 et
1057 3000 1195 3086 gratiam
1221 2998 1389 3064 efficacem

184 3111 383 3180 statuerunt,
414 3126 455 3168 ex
481 3103 600 3167 effectu
625 3103 761 3190 gratiam
788 3112 932 3189 sequuto
960 3103 1154 3166 divisionem
1181 3101 1389 3176 exhibentes,

184 3206 277 3293 quod
299 3228 367 3270 non
388 3215 479 3270 recte
500 3205 625 3270 factum
647 3228 721 3269 esse
743 3205 886 3288 videtur,
908 3226 1009 3292 quum
1027 3227 1067 3267 ex
1085 3205 1230 3268 omnium
1245 3203 1388 3269 catholi-

98 3313 101 3320 '
182 3331 297 3374 corum
312 3309 476 3374 sententia
490 3309 548 3373 illa
564 3309 684 3372 divisio
697 3309 810 3394 potius
827 3331 868 3372 ex
880 3309 1005 3394 gratiae
1020 3316 1137 3371 natura
1149 3317 1182 3371 et
1193 3307 1388 3371 conditione

159 3496 162 3504 .
183 3412 344 3478 sumenda
367 3413 418 3477 sit.
465 3411 579 3477 Gratia
601 3411 719 3476 efficax
740 3432 778 3475 ea
795 3420 855 3484 est,
880 3433 964 3497 quae
981 3420 1071 3475 certo
1089 3410 1146 3474 dat
1161 3409 1246 3474 velle
1263 3418 1295 3474 et
1310 3432 1387 3495 per·

180 3515 287 3592 ficere,
310 3536 395 3602 quae
410 3514 512 3580 modo
527 3515 704 3589 infallibili,
721 3536 789 3578 non
805 3535 885 3578 vero
906 3513 1090 3578 invincibili
1112 3522 1144 3577 et
1157 3513 1386 3598 insuperabili,

182 3640 255 3682 cum
271 3638 439 3682 consensu
455 3618 525 3683 sive
542 3641 614 3682 cum
631 3618 752 3682 aflectu
768 3616 948 3702 conjuncta
964 3625 1023 3693 est,
1041 3638 1126 3702 quae
1143 3615 1293 3680 effectum
1312 3638 1386 3681 sor·

180 3722 260 3786 titur
286 3743 397 3799 suum3
437 3721 542 3808 gratia
571 3721 739 3785 sufficiens
769 3741 822 3797 ea,
860 3741 945 3806 quae
974 3718 1100 3784 homini
1129 3719 1216 3784 vires
1247 3720 1386 3804 praebet

179 3845 275 3889 veras
297 3831 330 3888 et
350 3821 497 3908 perfecte
513 3823 706 3909 completas,
729 3830 762 3888 et
778 3822 911 3908 quidem
924 3823 1028 3887 relate
1043 3823 1087 3887 ad
1103 3833 1294 3908 praesentes
1312 3824 1385 3910 ejus

181 3927 456 4004 circumstantias,
477 3927 511 3992 id
533 3936 593 4003 est,
615 3948 700 4012 quae
721 3925 778 3990 dat
794 3925 982 4010 expeditam
1002 3927 1185 4012 potentiam
1201 3925 1243 3990 ad
1260 3926 1384 3990 bonnm

181 4049 268 4115 opus
292 4029 486 4094 eliciendum
510 4041 543 4095 et
564 4029 809 4116 perficiendum,
834 4051 1015 4115 quaecum
1039 4028 1158 4094 effectu
1180 4035 1290 4094 tamen
1313 4029 1385 4094 sive

179 4153 347 4197 consensu
369 4154 438 4196 non
461 4134 641 4220 conjuncta
664 4140 723 4198 est.
768 4130 870 4196 Juxta
889 4131 1066 4196 themistas
1087 4133 1192 4218 gratia
1213 4131 1384 4197 sufficiens

180 4244 240 4312 est,
272 4256 356 4321 quae
386 4235 444 4299 dat
470 4236 681 4301 solummodo
713 4243 868 4321 ,‚posse,“
898 4236 1004 4321 gratia
1030 4236 1383 4321 praedeterminatioue

182 4346 341 4425 tanquam
365 4339 557 4405 conditione
573 4339 740 4404 essentiali
758 4347 791 4403 et
805 4338 995 4402 necessaria
1010 4339 1051 4403 ad
1067 4339 1232 4426 agendum
1249 4339 1367 4404 orbata
1373 4361 1382 4417 ;

181 4439 301 4504 efficax
333 4462 428 4514 vero,
459 4451 624 4529 quatenus
655 4442 712 4507 det
733 4441 842 4527 ipsum
872 4451 1039 4528 „agere,“
1066 4443 1228 4508 adnexam
1252 4441 1382 4508 habens

178 4541 564 4628 praedeterminationem
601 4545 789 4633 physicam,
833 4565 900 4630 qua
942 4543 1026 4612 deus
1063 4546 1296 4612 antecedenter
1338 4546 1382 4612 ad
