3084 5056
729 321 769 388 25

647 411 846 422 --.-.--·-ι

143 527 312 594 secundus
343 536 488 616 quatuor
518 529 670 614 partibus
702 538 813 594 arctus
839 529 873 593 in
904 550 970 593 uno
995 527 1082 594 libro
1123 526 1191 614 agit
1217 523 1258 592 de
1286 545 1339 590 ra-

143 634 235 697 tione
256 641 289 696 et
310 633 506 698 auctoritate
527 633 561 697 in
580 633 682 698 rebus
705 632 915 720 theologicis,
939 633 1075 710 docens,
1099 630 1284 696 doctrinam
1301 628 1341 693 de

143 735 249 824 gratia
275 756 343 800 non
374 758 415 800 ex
443 735 597 810 rationis,
628 736 688 800 sed
718 759 759 801 ex
789 737 1036 823 scripturarum,
1067 733 1284 800 conciliorum
1314 740 1347 796 et

142 849 276 926 patrum
298 839 477 903 luminibus
501 837 759 904 exhauriendam
782 861 865 916 esse,
890 851 923 905 et
943 841 977 904 in
997 861 1065 904 uno
1080 839 1167 904 libro
1184 836 1226 902 de
1241 833 1348 922 gratia

142 941 240 1028 primi
263 942 405 1006 hominis
429 953 461 1007 et
484 942 687 1030 angelorum,
711 943 745 1006 iu
766 953 911 1029 quatuor
930 943 1024 1008 libris
1046 943 1086 1008 de
1103 948 1191 1006 statu
1208 947 1346 1006 naturae

143 1046 274 1131 lapsae,
304 1045 337 1108 in
364 1046 470 1110 tribus
500 1045 542 1110 de
572 1053 662 1111 statu
691 1053 828 1112 naturae
857 1067 976 1133 purae,
1007 1053 1237 1134 perscrutans,
1268 1041 1349 1130 quid

144 1149 178 1213 S.
195 1149 400 1234 Augustinus
427 1149 468 1213 de
495 1160 613 1214 natura
638 1149 782 1214 humana
808 1158 876 1214 tum
903 1149 937 1214 in
963 1149 1155 1214 conditione
1178 1143 1348 1234 originalis

143 1251 355 1315 innocentiae
371 1252 553 1317 constituta
569 1260 637 1316 tum
654 1252 687 1316 in
701 1252 798 1338 lapsa
814 1275 873 1339 per
888 1261 1060 1338 peccatum
1076 1251 1257 1338 depravata
1273 1270 1347 1313 sen·

143 1355 240 1432 serit,
264 1355 380 1418 tertius
404 1354 534 1420 duabus
559 1356 709 1442 partibus
733 1357 966 1422 concinnatur:
990 1357 1023 1420 in
1054 1355 1157 1420 altera
1185 1352 1346 1418 habentor

145 1457 261 1523 decem
276 1457 350 1522 libri
367 1457 408 1522 de
425 1458 530 1544 gratia
547 1444 671 1524 Christi
693 1460 884 1538 salvatoris,
904 1460 939 1525 in
954 1459 1058 1526 altera
1072 1458 1157 1524 liber
1171 1455 1348 1532 invenitur,

146 1560 204 1646 qui
227 1559 348 1624 dicitur
370 1559 568 1626 Parallelum
591 1563 711 1649 erroris
735 1563 991 1628 Massiliensium
1015 1571 1048 1628 et
1071 1559 1238 1648 opinionis
1259 1578 1348 1645 quo·

144 1663 286 1728 tundam
302 1664 532 1730 recentiorum.
563 1665 613 1730 De
629 1667 813 1731 invincibili
830 1667 950 1732 virtute
966 1677 999 1731 et
1015 1665 1212 1730 necessitate
1223 1661 1350 1750 gratiae

146 1767 254 1830 omnia
271 1767 452 1851 operantis,
468 1765 601 1832 homine
617 1769 700 1833 nihil
717 1779 863 1855 potente,
880 1770 925 1834 ibi
941 1777 1111 1845 tractatur,
1129 1767 1237 1854 deque
1253 1786 1349 1850 prae·

146 1869 369 1944 destinatione
398 1870 567 1936 hominum
599 1883 699 1960 atque
734 1873 935 1959 angelorum.
995 1871 1028 1940 S.
1059 1869 1236 1958 Augustini
1265 1868 1351 1932 hanc

147 1973 332 2038 doctrinam
348 1996 422 2038 esse
436 1975 470 2039 in
485 1973 549 2040 fine
565 1974 640 2039 libri
655 1976 833 2060 repetitur3
856 1975 929 2041 fore
946 1976 1030 2040 enim
1047 1973 1196 2048 traditur,
1212 1979 1249 2036 ut
1264 1992 1351 2059 quae

149 2075 308 2140 hacteuus
333 2099 373 2140 ex
395 2077 427 2142 S.
450 2079 554 2164 patris
570 2087 678 2143 mente
701 2078 843 2143 disserta
858 2079 934 2155 sint,
958 2099 1046 2143 nova
1062 2076 1267 2162 multumque
1282 2073 1351 2140 for·

148 2199 209 2242 san
231 2177 379 2244 miranda
402 2180 577 2246 videantur
600 2182 657 2257 iis,
682 2181 804 2268 quibus
821 2183 967 2269 antiqua,
992 2182 1071 2269 quia
1086 2179 1257 2266 incognita
1273 2177 1350 2243 sint.

148 2279 261 2362 „Quam
277 2281 470 2360 hactenus,“
494 2285 603 2372 inquit
624 2285 656 2349 in
681 2285 826 2372 epilogo,
851 2307 911 2362 „ex
927 2284 1105 2373 Augustini
1120 2291 1228 2348 mente
1244 2282 1349 2348 disse·

147 2386 283 2467 ruimus,
401 2408 489 2452 nova
512 2388 717 2474 multumque
748 2388 864 2453 forsan
893 2389 1040 2454 miranda
1070 2387 1271 2452 videbuntur
1300 2385 1350 2462 iis,

147 2489 269 2576 quibus
296 2491 443 2576 antiqua,
470 2491 549 2576 qnia
575 2491 745 2578 incognita
772 2501 859 2568 sunt,
890 2493 986 2556 etiam
1012 2491 1166 2556 videntur
1192 2487 1350 2574 nova¹).“

146 2593 203 2669 „Si
228 2600 368 2670 tamen,“
395 2593 428 2658 in
453 2602 650 2659 testamento
674 2595 729 2669 ait,
757 2595 926 2678 „Romana
948 2595 1053 2660 Sedes
1076 2593 1202 2680 aliquid
1226 2599 1351 2658 mutare

145 2695 236 2771 velit,
252 2719 324 2760 sum
342 2695 501 2760 obediens
518 2697 621 2770 lilium
638 2709 671 2760 et
685 2696 775 2759 illius
792 2697 973 2772 Ecclesiae,
989 2699 1023 2761 in
1039 2720 1104 2784 qua
1121 2717 1250 2780 semper
1267 2695 1350 2771 vixi3

145 2822 254 2884 usque
270 2799 312 2862 ad
330 2799 417 2863 hunc
433 2799 553 2864 lectum
570 2801 686 2864 mortis
703 2799 861 2863 obediens
878 2822 948 2864 aum
959 2799 1020 2881 Ὗ*
1066 2798 1168 2875 „Mihi
1185 2798 1348 2862 constitu·

144 2913 214 2967 tum
246 2911 330 2979 erat,
362 2902 525 2978 eamdem,
556 2925 654 2990 quam
685 2903 727 2966 ab
750 2901 890 2966 infantia
913 2911 1049 2968 secutus
1079 2924 1162 2977 sum,
1193 2922 1350 2965 sensuum

144 3025 291 3070 meorum
319 3004 359 3069 ad
387 3013 568 3070 extremum
600 3007 753 3090 spiritum
781 3027 886 3091 usque
910 3005 1025 3071 ducem
1050 3004 1144 3091 sequi
1167 3003 1347 3068 Romanam

143 3108 339 3184 Ecclesiam,
362 3117 395 3172 et
411 3109 593 3173 beatissimi
608 3109 697 3174 Petri
712 3109 867 3174 in'Roma
884 3107 969 3174 Sede
985 3128 1223 3183 successorem,
1247 3128 1347 3192 super

144 3212 232 3276 illam
252 3220 376 3298 petram
393 3211 599 3276 aedificatam
622 3211 807 3277 Ecclesiam
830 3213 911 3277 scio.
957 3211 1166 3296 Quicumque
1183 3209 1346 3296 cumipse

147 3338 213 3378 non
237 3311 372 3400 colligit,
397 3315 532 3401 spargit,
558 3316 647 3400 apud
669 3315 767 3402 quem
788 3315 896 3381 solum
917 3316 1111 3400 incorrupta
1131 3313 1263 3379 Petrum
1282 3335 1348 3377 ser-

146 3428 242 3482 vatur
271 3417 471 3487 haereditas.
516 3415 690 3504 Quidquid
718 3419 758 3482 ab
785 3420 849 3484 ista
874 3418 963 3483 Petri
990 3417 1165 3493 Cath'edra,
1192 3417 1226 3480 in
1253 3415 1349 3502 cujus

146 3521 375 3586 communione
391 3542 410 3584 a
426 3521 547 3586 teneris
563 3522 640 3597 vixi,
657 3531 690 3586 et
707 3543 806 3607 porro
823 3523 942 3596 vivere,
966 3530 999 3586 et
1013 3520 1097 3586 mori
1112 3517 1212 3584 fixum
1229 3527 1290 3594 est,
1307 3518 1348 3584 ab

145 3623 210 3688 isto
234 3624 397 3710 Principis
420 3624 659 3710 Apostolorum
686 3648 892 3702 successore,
915 3625 957 3689 ab
981 3625 1046 3690 isto
1070 3623 1192 3689 Christi
1216 3621 1348 3688 Domini

144 3727 250 3791 nostri
278 3726 422 3803 Vicario,
450 3728 491 3792 ab
515 3728 580 3792 isto
605 3728 775 3793 Ecclesiae
799 3728 1006 3795 Christianae
1039 3726 1199 3793 Univerae
1231 3726 1348 3812 capite,

142 3828 364 3906 Moderatore,
387 3829 548 3895 Pontifice
561 3826 812 3917 'praescriptum
835 3832 944 3909 fuerit,
961 3830 1027 3896 hoc
1043 3841 1156 3896 teneo:
1180 3829 1344 3916 quidquid

139 3933 372 4020 improbatum,
393 3933 558 4019 improbe,
581 3935 772 3999 damnatum
790 3935 922 4011 damno,
940 3933 1252 3999 anathematizatum
1268 3953 1346 3997 ana-

140 4035 390 4118 thematizo³).“
434 4035 555 4101 Mirum
572 4037 740 4123 profecto!
776 4037 954 4118 Quomodo
970 4037 1053 4102 haec
1069 4037 1171 4103 verba
1187 4059 1228 4102 ex
1244 4035 1345 4102 corde

140 4139 371 4226 provenientia
392 4141 550 4216 morituri,
575 4162 652 4206 mox
668 4140 710 4205 ad
733 4141 878 4206 tribunal
890 4141 1015 4227 judicis
1031 4139 1132 4205 divini
1150 4139 1268 4204 staturi
1284 4139 1345 4204 ita·

139 4313 338 4325 m*—

209 4396 232 4464 1)
251 4367 328 4448 l'om.
342 4396 366 4449 3.
379 4411 439 4464 pag.
453 4397 512 4450 443.

204 4483 230 4549 ²)
248 4479 367 4533 Testem.
380 4480 489 4532 danaen.
503 4487 566 4532 torn.
581 4484 604 4536 2.
617 4499 643 4550 p.
656 4484 697 4537 26.
711 4481 760 4534 col.
778 4485 798 4537 l.
813 4481 844 4534 D.
859 4481 889 4537 E.
905 4489 931 4534 et
945 4487 1007 4533 tom.
1021 4484 1044 4536 3.
1060 4497 1085 4550 p.
1100 4483 1158 4537 443.

206 4569 230 4638 ³)
249 4571 279 4620 In
291 4567 357 4620 libro
372 4567 525 4638 prooemiali
539 4583 595 4638 cap.
610 4570 650 4624 tt.
665 4568 729 4622 etin
742 4568 847 4640 epilogo
861 4568 944 4621 totius
958 4567 1055 4638 operis,
1069 4565 1139 4638 apud
1152 4565 1296 4638 Tourncly.
