3050 5046
773 308 816 378 82

753 595 781 667 a.
801 597 828 652 s.

251 697 375 756 Uberior
390 697 562 754 Jansenitiei
579 698 748 768 systematis
763 699 828 754 fons
841 701 887 754 est
899 699 1029 754 doctrina
1039 699 1163 754 Lntheri
1174 700 1206 755 et
1218 697 1333 786 calvini·

565 825 568 832 ›
624 785 962 853 praedestinatianorum.

249 921 443 990 Uberiorem
459 945 539 989 vero
555 923 692 1001 fontem,
708 924 797 990 unde
813 935 960 1012 systema
973 923 1215 990 Janseniticum
1230 920 1399 1009 profluere

185 1027 343 1114 coeperit,
360 1027 544 1094 doctrinam
560 1027 700 1094 Lutheri
716 1037 750 1093 et
765 1029 944 1115 praecipue
960 1027 1091 1092 Caluini
1107 1025 1295 1092 essesfacile
1310 1023 1400 1088 hanc

182 1131 375 1218 respicienti
398 1132 609 1217 perspicuum
626 1133 697 1198 erit.
741 1132 865 1198 Eorum
883 1132 966 1196 enim
984 1129 1026 1196 de
1042 1131 1147 1218 gratia
1163 1129 1400 1195 disserentium

183 1243 251 1313 ests
283 1233 461 1312 affirmare,
496 1235 662 1300 voluntati
691 1235 856 1300 humanae
886 1234 994 1321 gratia
1025 1233 1139 1299 divina
1164 1233 1399 1298 necessitatem

183 1337 349 1426 quandam
358 1337 481 1416 inferri,
492 1360 560 1402 nou
573 1339 615 1403 ab
630 1339 820 1430 extrinseco
828 1337 973 1425 quidem,
986 1335 1399 1402 coactioneseuviolentia

80 1521 87 1536 θ
181 1449 337 1530 urgente,
366 1440 426 1506 sed
453 1452 562 1506 tamen
585 1442 626 1508 ab
646 1443 845 1518 intrinseco,
874 1441 981 1527 gratia
1001 1439 1207 1505 voluntatem
1230 1439 1273 1504 ad
1293 1459 1396 1503 unum

181 1546 337 1634 idemque
357 1545 481 1610 invicte
502 1544 742 1610 determinante
762 1567 802 1608 ac
822 1543 1027 1621 inflectente,
1050 1554 1089 1609 ut
1103 1550 1198 1608 actus
1215 1543 1397 1630 oppositus

186 1648 407 1726 excludatur3
445 1648 604 1735 originem
634 1648 799 1714 libertatis
830 1646 908 1713 duci
944 1671 986 1712 ex
1015 1646 1239 1712 delectatione
1267 1645 1397 1711 victrici

184 1751 392 1818 voluntatem
421 1764 591 1827 movente,
625 1751 795 1828 trahente3
828 1750 1015 1816 libertatem
1046 1752 1230 1816 consistere
1256 1749 1291 1813 in
1319 1748 1394 1812 solo

185 1855 388 1932 voluntario,
411 1876 474 1920 nec
489 1853 522 1918 in
538 1854 572 1918 vi
588 1854 696 1918 activa
711 1852 961 1933 indifferentiae,
979 1875 1046 1941 qua
1060 1854 1219 1918 voluntas
1234 1851 1278 1916 ad
1293 1873 1395 1916 unum

184 1957 240 2025 vel
260 1958 399 2024 alterum
419 1956 578 2024 inclinare
599 1979 635 2022 se
656 1959 781 2044 possit3
805 1957 1014 2022 voluntatem
1029 1957 1222 2022 necessario
1240 1955 1303 2020 sub
1320 1977 1393 2042 gra-

183 2059 250 2124 tiae
270 2061 418 2125 motione
440 2082 548 2148 agere,
571 2083 681 2149 neque
701 2063 735 2126 in
750 2062 857 2148 ipsius
878 2069 1046 2148 potestate
1068 2071 1102 2126 et
1122 2059 1285 2126 electione
1308 2081 1392 2137 esse,

181 2163 323 2228 motioni
349 2171 408 2228 aut
429 2163 659 2249 obtemperare
684 2174 743 2230 aut
763 2165 939 2252 refragari,
963 2187 1033 2230 eam
1055 2164 1244 2230 necessario
1267 2163 1393 2250 gratiae

162 2283 166 2298 ¹
184 2265 425 2352 obtemperare,
449 2288 490 2332 ex
511 2265 647 2332 decreto
669 2276 702 2331 et
721 2267 870 2331 motione
891 2265 944 2331 dei
966 2288 1141 2332 assensum
1157 2276 1306 2332 nostrum
1323 2287 1392 2330 non

179 2369 371 2436 necessario
398 2371 495 2456 sequi
519 2371 720 2436 necessitate
747 2370 1003 2456 consequentis,
1034 2371 1094 2436 sed
1121 2380 1248 2436 tantum
1269 2391 1390 2434 conse·

180 2473 359 2562 quentiae‚‘
371 2483 443 2536 non
463 2473 559 2560 sequi
581 2474 771 2538 necessario
787 2474 987 2538 necessitate
1003 2474 1170 2550 absolute,
1195 2473 1254 2539 sed
1270 2495 1389 2538 secun·

180 2577 257 2643 dum
275 2575 371 2664 quid;
386 2575 538 2642 ellectum
555 2578 680 2664 gratiae
692 2576 868 2663 provenire
881 2599 922 2641 ex
935 2576 1159 2642 delectatione
1172 2577 1308 2642 victrice
1319 2577 1390 2640 sive

180 2682 368 2767 superiore3
403 2679 612 2746 voluntatem
636 2681 760 2768 gratiae
787 2681 934 2745 moventi
961 2689 1062 2768 atque
1090 2681 1247 2745 excitanti
1275 2701 1389 2744 assen-

179 2783 293 2850 tiendo
315 2782 399 2848 nihil
421 2785 606 2871 cooperari‚
630 2794 664 2850 et
684 2785 897 2872 quantumvis
920 2805 979 2870 per
995 2783 1133 2872 gratiam
1148 2783 1201 2848 dei
1217 2783 1388 2859 elevatam,

178 2887 261 2954 nibil
277 2909 319 2952 ex
335 2910 381 2964 se,
405 2889 541 2974 propria
556 2888 599 2966 vi,
623 2889 753 2974 partiali
769 2891 892 2954 virtute
908 2897 941 2952 et
955 2887 1082 2951 influxu
1099 2909 1197 2974 agere
1211 2900 1249 2951 ut
1264 2908 1388 2971 coope-

176 2992 241 3057 rari
257 2991 300 3056 ad
317 2991 443 3056 bonum
460 3012 547 3076 opus
564 2991 807 3078 perficiendum,
823 2991 930 3056 libero
946 2988 1092 3055 hominis
1109 2989 1245 3054 arbitrio
1263 2988 1388 3053 nullam

176 3097 209 3160 in
233 3095 324 3160 bono
347 3103 381 3158 et
395 3095 565 3160 meritorio
582 3117 682 3181 opere
697 3102 824 3180 partem
841 3115 915 3158 esse
931 3091 1176 3168 vindicandam,
1200 3101 1305 3159 totum
1323 3091 1387 3156 deo

176 3199 287 3274 tribui,
312 3197 380 3262 hoc
402 3198 572 3263 arbitrium
593 3197 677 3261 nibil
698 3197 739 3262 de
755 3219 817 3261 sno
835 3196 877 3261 ad
893 3217 979 3283 opus
995 3197 1121 3260 bonum
1138 3194 1387 3282 exsequendum

178 3300 341 3377 conferre,
366 3321 464 3365 omne
485 3301 565 3364 boni
587 3300 698 3386 operis
713 3301 865 3364 meritum
880 3321 900 3363 a
915 3299 979 3364 deo
996 3321 1081 3377 esse,
1106 3299 1201 3364 deum
1219 3321 1292 3364 esse
1309 3321 1386 3364 cau·

176 3425 244 3470 sam
267 3403 408 3470 totalem
424 3413 458 3469 et
472 3403 690 3490 adaequatam
706 3423 902 3480 consensus,
927 3425 1023 3491 quem
1040 3403 1074 3467 in
1089 3396 1263 3468 ‘voluntate
1280 3411 1313 3466 et
1329 3424 1389 3488 par

175 3509 383 3574 voluntatem
409 3516 583 3595 operatur,
612 3514 738 3570 motum
765 3505 892 3571 arbitrii
918 3528 978 3592 per
999 3506 1123 3594 gratiae
1145 3500 1306 3570 influxum
1328 3528 1386 3570 ne·

176 3613 325 3679 cessarie
348 3611 391 3678 ad
412 3634 513 3679 unum
535 3609 755 3687 determinari,
780 3609 900 3675 exinde
920 3611 985 3674 imo
1008 3609 1122 3696 potius
1143 3609 1283 3674 liberum
1299 3607 1387 3673 arbi-

173 3716 271 3782 trium
293 3737 364 3782 non
387 3737 496 3803 agere,
519 3714 578 3779 sed
600 3714 663 3801 agi,
685 3735 773 3779 mere
792 3713 928 3800 passive
944 3735 980 3778 se
995 3711 1119 3778 habere
1133 3723 1289 3799 respectu
1305 3713 1387 3776 boni

175 3817 806 3906 formalitersumpti‚quoaddumtaxat
816 3818 977 3884 rationem
989 3816 1096 3882 meriti
1107 3815 1385 3889 constituendam,

173 3921 455 4014 quandoquidem
476 3921 558 3986 deus
578 3931 616 3986 ut
637 3920 753 4002 totalis
769 3929 803 3986 et
817 3921 1003 4008 adaequata
1020 3941 1121 3984 causa
1135 3920 1169 3984 in
1185 3919 1261 4006 ipso
1277 3928 1310 3983 et
1324 3939 1387 4005 per

172 4027 282 4114 ipsum
305 4033 430 4102 totum,
455 4023 547 4110 quod
568 4024 694 4090 bonum
715 4033 783 4101 est3
806 4045 881 4089 nam
902 4023 957 4088 vel
977 4022 1055 4088 ideo
1078 4023 1188 4087 omnia
1208 4043 1310 4108 opera
1330 4021 1385 4086 vel

172 4130 354 4218 justornm,
377 4128 482 4215 magis
503 4128 618 4215 potins
646 4128 828 4194 infidelium
855 4127 898 4192 ob
921 4128 1224 4213 concupiscentiam
1251 4125 1385 4211 optimis

175 4254 312 4324 quoque
335 4230 505 4297 bominum
526 4232 684 4318 operibus
706 4232 940 4299 adhaerentem
961 4231 1042 4297 vitia
1063 4241 1158 4308 sunt,
1188 4237 1246 4296 aut
1267 4229 1383 4294 saltem

174 4337 348 4412 maculata,
371 4335 518 4406 sordida.

237 4438 430 4526 „Sequitur,
453 4462 518 4506 nos
533 4433 722 4506 necessario
739 4437 880 4526 operari.
897 4488 904 4505 .
921 4485 953 4505 ..
982 4433 1183 4504 Necessario
1199 4457 1280 4503 vero
1296 4433 1381 4508 dico.

175 4561 242 4616 non
261 4553 387 4625 coacte,
403 4543 603 4612 necessitate
617 4543 901 4624 immutabilitatis,
918 4564 987 4610 non
1002 4541 1196 4610 coactionis.
1229 4539 1306 4608 Hoc
1321 4545 1381 4620 est,
