3084 5056
788 346 828 414 52

705 439 905 448 ...na-...—

156 545 161 572 ¹
201 549 242 619 de
256 551 350 618 Paris
372 559 527 639 portenta
551 560 778 638 protestantes
794 553 968 617 irriserunt
983 559 1016 617 et
1030 553 1095 639 ipsi
1109 551 1321 618 Jansenistae
1337 553 1408 618 aevi

199 657 405 744 posterioris.
451 655 683 736 Quamobrem,
708 657 770 720 etsi
795 677 909 720 omnes
933 657 1211 744 congregationes
1239 657 1279 722 ab
1303 657 1407 724 eccle·

199 760 268 826 siae
289 759 521 825 communione
544 767 734 845 separatae,
764 760 951 824 sanctitatis
976 759 1243 848 praerogativam
1262 782 1408 825 commu·

198 865 291 929 nioni
314 885 394 928 suae
410 863 590 940 vindicent,
614 862 702 928 hano
724 863 766 927 ad
783 885 819 926 se
835 884 903 926 non
920 863 1087 946 pertinere
1102 861 1312 927 Jansenistae
1327 886 1408 928 con·
1437 937 1444 942 ,

198 966 328 1033 cedent.
380 965 539 1047 Quamvis
570 965 757 1030 catholicos
788 987 824 1031 se
854 965 1051 1052 profitentes
1082 967 1177 1031 etiam
1209 967 1249 1030 ab
1280 967 1344 1032 hac
1374 991 1409 1032 re

199 1070 367 1137 catholica
382 1069 481 1156 plane
497 1069 595 1134 alieni
612 1077 699 1134 sunt.
730 1069 848 1156 Neque
864 1069 952 1134 vitae
968 1070 1139 1146 honestas,
1155 1092 1265 1156 neque
1280 1093 1407 1135 morum

197 1174 365 1262 probitas,
389 1195 498 1259 neque
520 1173 631 1237 victus
655 1181 688 1236 et
711 1172 964 1238 consuetudinis
987 1173 1163 1250 severitas,
1195 1173 1318 1260 quibus
1342 1182 1408 1237 tam

198 1277 341 1342 libenter
357 1276 595 1365 gloriabantur,
616 1275 718 1340 ullius
733 1277 890 1340 momenti
906 1285 1000 1354 sunt3
1017 1278 1104 1340 sicut
1119 1297 1234 1340 omnes
1249 1277 1410 1342 haeretici

197 1381 378 1446 virtutibus
401 1401 437 1444 se
452 1379 645 1467 jactabant,
669 1401 755 1465 quae
780 1389 888 1444 tamen
905 1380 1013 1444 solum
1030 1402 1068 1444 ac
1084 1379 1182 1444 unice
1197 1381 1230 1442 in
1247 1379 1410 1444 ecclesiae

196 1483 261 1548 fide
285 1495 318 1549 et
340 1483 565 1565 sacramentis,
589 1491 622 1547 et
645 1482 856 1547 orationibus
879 1492 912 1548 et
935 1483 1085 1549 consiliis
1102 1481 1302 1570 evangelicis
1325 1483 1409 1548 etin

198 1587 352 1652 omuibus
374 1587 499 1673 gratiae
520 1585 678 1651 subsidiis
700 1595 899 1665 nascuntur3
929 1587 1039 1674 qualis
1061 1587 1276 1650 sectariorum
1298 1586 1409 1672 pietas

195 1690 311 1765 fuerit,
349 1689 620 1756 Convulsionarii
651 1689 733 1753 satis
763 1691 926 1774 probant,
957 1691 1038 1754 satis
1070 1690 1301 1754 demonstrant
1329 1689 1407 1754 illae

196 1793 397 1872 molitiones,
414 1793 537 1880 quibus
553 1793 712 1858 baeretici
728 1793 860 1880 legibus
876 1793 1113 1858 ecclesiasticis
1131 1800 1164 1856 et
1179 1791 1408 1857 saecularibus

197 1897 436 1978 obnitebantur
463 1905 496 1962 et
516 1895 724 1982 magistratui
744 1896 878 1982 utrique
901 1897 1004 1960 adeo
1029 1906 1226 1960 consecrato
1249 1897 1406 1960 adversa·

196 2001 328 2077 bantur,
345 1999 484 2065 dissidia
499 2001 710 2077 seminantes,
732 1999 918 2064 discordias
933 2008 1117 2076 moventes,
1139 1999 1314 2075 motiones,
1331 2023 1405 2086 per·

72 2131 74 2138 ’
195 2105 421 2180 turbationes,
456 2102 546 2167 bella
576 2102 771 2168 excitantes.
821 2103 992 2167 Interioris
1023 2107 1111 2168 vitae
1142 2102 1407 2188 supernaturalis

196 2209 355 2272 sanct'tas
376 2227 445 2270 non
467 2207 531 2270 nisi
553 2207 587 2270 in
610 2207 751 2272 ecclesia
773 2207 908 2291 paritur.
954 2205 1018 2270 Ubi
1041 2207 1142 2293 igitur
1156 2228 1225 2270 non
1242 2206 1407 2293 ejusmodi

197 2311 373 2388 sanctitas,
406 2310 453 2374 ibi
482 2330 550 2374 non
580 2311 701 2386 sancti,
735 2309 794 2374 ubi
821 2331 890 2372 non
920 2310 1026 2373 sancti
1056 2309 1124 2385 dei,
1158 2311 1205 2374 ibi
1228 2331 1296 2374 non
1326 2331 1407 2374 vera

195 2413 345 2480 ecclesia.
392 2411 487 2492 Quae
503 2398 647 2498 denique
663 2413 823 2477 sanctitas
839 2413 1020 2489 doctrinae,
1037 2413 1200 2493 docentis,
1217 2436 1284 2478 nou
1301 2435 1406 2499 posse

194 2519 304 2605 justos
327 2515 482 2580 volentes
506 2524 538 2580 et
561 2525 723 2580 conantes
747 2516 856 2579 omnia
879 2515 931 2580 dei
954 2517 1111 2580 mandata
1126 2517 1270 2603 explere,
1295 2518 1405 2582 omnia

196 2642 299 2706 opera
320 2619 500 2684 infidelium
525 2628 558 2684 et
582 2627 795 2703 peccatorum
816 2641 888 2683 esse
905 2619 1080 2704 peecatall
1113 2619 1177 2684 Ubi
1193 2620 1332 2685 interior
1345 2620 1406 2684 illa

193 2725 282 2788 vitae
304 2723 455 2808 probitas
477 2723 511 2786 in
533 2722 695 2788 habituali
717 2721 821 2809 gratia
837 2723 961 2787 nutrita
977 2730 1010 2788 et
1026 2732 1226 2788 conservata
1242 2735 1274 2788 et
1289 2733 1404 2810 aperte

194 2828 340 2892 exterius
360 2825 584 2902 manifestata,
607 2827 720 2912 itaque
742 2826 806 2890 deo
822 2834 925 2912 grata,
950 2827 978 2890 si
993 2825 1034 2890 de
1050 2827 1175 2911 gratiae
1192 2827 1402 2891 sanctifican-

193 2931 236 2996 tis
252 2940 380 3008 natura,
404 2931 607 3006 conditione,
630 2929 803 2995 effectibus
820 2937 884 2992 tam
901 2950 1057 3014 perverse
1073 2929 1271 2994 sentiatur?!

765 3216 830 3289 aa.

269 3302 446 3360 Referuntur
456 3302 593 3358 nonnulla
605 3302 641 3358 ed
652 3305 796 3372 postrema
807 3305 826 3360 J
827 3299 982 3358 ansanismi
994 3302 1122 3372 tempora
1133 3302 1319 3372 pertinentia.

256 3443 365 3524 Quum
385 3467 454 3509 non
477 3443 686 3530 propositum
708 3445 760 3519 sit,
783 3442 891 3507 fusius
913 3442 954 3506 de
975 3444 1076 3508 rebus
1091 3443 1303 3509 Jansenianis
1318 3453 1399 3510 tem·

191 3569 272 3633 pore
294 3548 481 3634 posteriore
509 3548 612 3635 gestis
635 3547 814 3620 disserere,
845 3546 912 3612 hoc
944 3546 1156 3613 solummodo
1187 3547 1398 3629 adnotamus,

191 3651 372 3716 haereseos
402 3650 587 3715 doctrinam
615 3672 635 3712 a
658 3648 840 3730 Quesnello
877 3659 1063 3736 promotam
1092 3660 1124 3716 et
1146 3659 1337 3737 provectam
1365 3652 1401 3716 in

190 3753 438 3819 Constitutione
469 3753 658 3840 dogmatica
694 3752 948 3841 „Unigenitus“
984 3775 1002 3818 a
1033 3753 1201 3820 Clemente
1222 3754 1280 3820 XI.
1311 3777 1399 3843 papa

189 3878 277 3921 anno
302 3857 392 3922 1713.
415 3857 468 3921 die
488 3856 519 3920 8.
540 3855 745 3942 Septembris
767 3857 859 3932 data,
885 3879 971 3944 quae
992 3857 1112 3922 exinde
1133 3858 1325 3924 confirmata
1346 3869 1399 3924 est

187 3961 229 4024 ab
259 3961 336 4044 ipso
369 3959 536 4024 Clemente
558 3959 615 4023 XI.
647 3981 705 4044 per
735 3959 857 4025 bullam
890 3960 1095 4037 „Pastoralis
1117 3960 1238 4026 officim
1269 3964 1298 4026 5.
1321 3961 1395 4027 Kal.

189 4063 281 4148 Sept.
305 4062 386 4128 1718
415 4069 532 4126 contra
552 4061 770 4147 Appellantes
798 4063 993 4140 exhibitam,
1023 4064 1064 4128 ab
1086 4064 1283 4130 Innocentio
1304 4065 1394 4130 XIII.

185 4167 272 4231 decr.
290 4165 321 4230 d.
336 4165 365 4230 8.
382 4164 455 4230 Jan.
475 4164 576 4240 1722,
600 4186 618 4228 a
634 4165 815 4232 Benedicto
830 4165 922 4232 Xlll.
940 4177 972 4232 et
988 4167 1120 4253 synodo
1138 4168 1287 4234 Romana
1304 4170 1394 4235 1725.

186 4268 403 4334 aBeuedicto
419 4267 512 4334 XIV.
536 4290 595 4354 per
617 4269 818 4356 encyclicam
842 4270 915 4348 „Ex
937 4271 1091 4335 omnibus
1108 4271 1287 4338 Christiani
1303 4273 1394 4341 orbis

184 4371 398 4459 regionibus“
425 4371 472 4438 16.
496 4372 569 4438 Oct.
595 4373 702 4450 1756„
738 4381 897 4460 suscepta
925 4382 976 4438 est
998 4395 1019 4438 a
1041 4373 1137 4440 Clero
1162 4375 1336 4443 Gallicano
1358 4377 1393 4442 in

187 4475 329 4548 comitiis
347 4474 439 4561 1723,
464 4473 555 4553 1726,
572 4475 664 4556 1730,
687 4498 707 4541 a
723 4477 874 4544 conciliis
890 4478 1114 4545 Avenionensi
1134 4481 1224 4546 1725.
1241 4489 1274 4547 at
1287 4481 1392 4549 Ebre·
