3050 5046
664 295 865 402 L

222 507 424 572 Hincmarus
445 506 479 572 in
499 505 644 592 epistola
665 505 706 570 ad
722 505 896 572 Nicolaum
913 504 952 582 Ι.,
977 506 1034 571 ubi
1056 505 1295 572 Gotlreschalci
1318 506 1367 572 in-

155 609 284 686 dolem,
308 609 492 698 ingenium,
515 630 624 674 mores
647 607 840 696 descripsit,
864 609 947 674 baec
968 608 1083 674 babet:
1115 609 1240 695 „Dicit,
1263 609 1367 698 quod,

155 721 192 776 et
214 715 342 778 veteres
362 709 644 777 Pradestinatiani
667 711 840 788 dixerunt,
863 713 1021 799 quoniam
1043 712 1130 778 sicut
1149 712 1242 776 Deus
1264 734 1367 800 quos·
1404 785 1407 793 s

155 815 234 880 dam
254 815 298 880 ad
319 816 421 880 vitam
443 826 626 891 aeternam,
648 816 696 880 ita
712 815 876 902 quosdam
893 815 1157 901 praedestinavit
1171 816 1213 879 ad
1230 828 1367 881 mortem

155 928 335 984 aeternam.
383 919 473 984 Dicit
503 917 612 1006 quod,
650 929 684 984 et
712 927 841 984 veteres
870 917 1172 984 Praedestinatiani
1202 919 1366 1003 dixerunt,

156 1023 315 1109 quoniam
338 1043 406 1088 non
429 1022 503 1088 vult
517 1023 609 1087 Deus
632 1043 746 1087 omnes
763 1021 914 1087 homines
930 1022 1045 1088 salvos
1060 1021 1140 1098 fieri,
1164 1023 1224 1088 sed
1240 1035 1368 1088 tantum

155 1147 228 1202 eos,
252 1125 310 1212 qni
331 1125 521 1204 salvantur:
545 1147 660 1190 omnes
682 1136 791 1190 antem
812 1125 935 1190 salvari
956 1146 1187 1212 quoscumque
1209 1125 1280 1212 ipse
1301 1126 1366 1190 sal·

155 1229 228 1294 vari
249 1227 402 1305 voluerit,
426 1250 464 1294 ac
482 1251 540 1314 per
561 1228 627 1294 boc
643 1229 845 1316 quicumque
860 1249 928 1292 nou
944 1227 1126 1310 salvantur,
1150 1229 1284 1315 penitus
1300 1251 1368 1294 non
1422 1269 1425 1274 -

155 1353 233 1398 esse
262 1331 447 1398 voluntatis
476 1331 582 1406 illius,
615 1343 652 1397 nt
682 1325 862 1397 salventur.
909 1331 1072 1412 Quoniam
1104 1333 1132 1396 si
1158 1354 1225 1396 non
1252 1355 1367 1398 omnes

155 1435 346 1512 salvantur,
371 1453 458 1522 quos
474 1435 547 1500 vult
563 1435 655 1500 Deus
677 1435 792 1507 salvos
812 1433 898 1511 fieri,
921 1455 989 1499 non
1011 1435 1119 1499 omnia
1136 1457 1367 1524 quaecumque

154 1538 275 1614 voluit,
298 1537 392 1603 fecit:
422 1539 504 1604 etsi
526 1538 597 1602 vult
620 1538 712 1624 qnod
734 1560 801 1602 non
826 1548 948 1623 potest,
970 1559 1038 1602 non
1060 1539 1284 1624 omnipotens,
1307 1539 1368 1606 scd

152 1641 303 1707 infirmus
319 1645 426 1706 est...
457 1641 556 1714 Dicit,
580 1641 673 1728 quod
696 1653 728 1707 at
744 1653 872 1706 veteres
889 1641 1186 1710 Praedestinatiani
1202 1642 1366 1722 dixerunt,

154 1744 249 1832 quod
280 1766 349 1810 non
373 1766 435 1830 pro
463 1745 568 1810 totius
593 1744 837 1830 redemptione,
871 1744 904 1810 id
935 1754 1002 1821 est,
1037 1766 1104 1810 non
1131 1765 1194 1831 pro
1222 1746 1366 1811 omnium

154 1848 326 1914 bominum
349 1847 468 1924 salute,
492 1859 525 1913 et
545 1847 773 1934 redemptione
789 1847 953 1912 Dominus
973 1860 1090 1912 noster
1102 1847 1132 1912 J.
1150 1848 1184 1912 C.
1201 1849 1245 1912 sit
1261 1850 1367 1914 cruci-

157 1951 254 2029 fixus,
277 1959 310 2016 et
325 1961 487 2028 mortuus,
511 1949 715 2016 sedtantum
732 1950 872 2037 probis,
897 1951 954 2036 qui
977 1951 1205 2020 salvantur...
1238 1951 1366 2018 Dicit.-..

159 2053 252 2140 quod
271 2062 304 2120 et
324 2061 455 2120 veteres
469 2053 769 2120 Praedestinatiani
791 2053 962 2130 dixerunt,
985 2053 1142 2140 baptismi
1158 2066 1366 2120 sacramento

159 2177 220 2220 eos
240 2157 330 2236 emit,
354 2178 424 2223 non
445 2165 553 2223 tamen
576 2179 638 2244 pro
655 2158 703 2223 eis
725 2179 855 2224 crucem
872 2157 988 2231 subiit,
1013 2179 1121 2244 neque
1137 2169 1274 2224 mortem
1290 2181 1366 2245 per-

158 2258 242 2339 tulit,
264 2283 374 2349 neque
389 2262 584 2348 sauguinem
599 2261 753 2346 fudit¹).“
784 2261 878 2328 Circa
894 2261 1034 2328 liberum
1050 2262 1220 2328 arbitrium
1238 2261 1365 2328 Gotho·

154 2363 325 2430 schalcum
347 2365 433 2431 idem
454 2364 610 2431 docuisse
632 2366 726 2454 quod
747 2375 876 2432 veteres
899 2365 1195 2452 praedestinatiani
1223 2367 1368 2431 somnia·

155 2468 278 2546 verint,
308 2477 451 2534 testatur
476 2467 692 2534 Hincmarus:
723 2469 849 2546 „Prisci
878 2469 1034 2534 dixerunt
1055 2469 1364 2547 Praedestinatiani,

152 2570 247 2658 quod
262 2571 405 2637 liberum
421 2571 602 2648 arbitrium,
625 2573 659 2636 in
682 2571 816 2638 bomine
832 2572 917 2637 nihil
933 2573 985 2649 sit,
1009 2571 1068 2636 sed
1084 2573 1155 2636 sive
1170 2571 1213 2636 ad
1229 2565 1363 2652 bonum,

154 2675 228 2740 sive
250 2674 293 2740 ad
313 2674 437 2740 malum
458 2675 716 2761 praedestinatio
740 2676 800 2741 Dei
820 2677 854 2740 in
875 2674 1066 2740 bominibus
1083 2683 1255 2760 operetur:
1278 2698 1362 2762 quo-

150 2777 240 2842 niam
256 2777 348 2844 Deus
370 2777 437 2843 tale
458 2779 491 2843 in
515 2777 706 2844 bominibus
727 2779 870 2865 plasmet
890 2778 1069 2854 arbitrium,
1093 2777 1192 2866 quale
1213 2788 1265 2843 est
1285 2779 1363 2846 dae·

152 2903 299 2959 monum,
336 2881 429 2968 quod
459 2883 596 2968 proprio
627 2895 721 2948 motu
751 2881 834 2946 nihil
864 2881 989 2968 aliquid
1020 2881 1130 2966 possit
1159 2880 1262 2958 velle,
1299 2882 1364 2948 nisi

150 2983 342 3068 malum2).“
883 3065 884 3070 ἵ
1225 3010 1227 3016 ’

217 3088 268 3154 Dc
284 3088 432 3175 antiquis
448 3086 762 3174 praedestinatianis
777 3086 977 3152 Hincmarus
993 3085 1076 3153 bace
1091 3085 1208 3153 babet:
1239 3086 1363 3165 „Prae-

153 3191 410 3260 destinationem
432 3191 614 3258 electorum
636 3191 679 3256 ad
695 3191 795 3256 vitam
811 3213 880 3255 non
896 3191 1071 3278 denegant,
1095 3197 1128 3256 et
1142 3190 1363 3277 reproborum

152 3295 489 3383 praedestinationem
516 3295 558 3360 ad
584 3295 751 3361 interitum
778 3295 993 3362 confitentur:
1023 3316 1111 3381 quos
1138 3296 1225 3360 siout
1245 3295 1362 3362 dicunt

151 3421 171 3464 a
199 3399 272 3465 Deo
303 3399 573 3486 praedestinatos
602 3398 645 3464 ad
674 3387 857 3476 interitum,
895 3400 941 3464 ita
972 3399 1068 3464 etiam
1098 3399 1140 3464 ad
1175 3407 1359 3486 peccatum.

152 3501 279 3569 Dicunt
298 3503 380 3568 novi
394 3501 709 3568 Praedestinatiani:
739 3501 1006 3568 Praedestinavit
1020 3502 1112 3568 Deus
1133 3503 1298 3588 reprobos
1317 3503 1360 3570 ad

152 3607 329 3684 interitum,
353 3629 422 3672 non
442 3605 485 3671 ad
502 3613 686 3692 peccatum.
733 3603 854 3672 Colore
871 3616 1010 3680 mutant,
1034 3605 1094 3672 sed
1110 3606 1235 3688 odoris,
1258 3617 1360 3696 atque

151 3713 282 3798 saporis
309 3709 529 3798 intelligentia
554 3707 723 3774 redolent:
753 3731 825 3774 cum
855 3711 988 3775 nonnisi
1009 3731 1070 3796 per
1089 3722 1263 3796 peccatum
1285 3733 1359 3798 per·

149 3814 262 3880 venire
276 3814 412 3880 valeant
427 3811 471 3878 ad
485 3810 720 3891 interitum³).“
955 3809 959 3818 '

214 3917 344 3984 Auctor
370 3916 461 3992 libri,
497 3917 550 3982 cni
578 3915 696 3981 titulus
724 3913 1039 3992 „Praedestinatus“
1061 3915 1177 3983 refert:
1214 3917 1360 3998 „Dicunt

150 4021 359 4107 baptismatis
381 4019 504 4086 undam
530 4041 599 4085 non
626 4019 781 4084 universa
805 4008 946 4106 peccata
970 4019 1188 4087 mundare...
1234 4022 1359 4090 Dicunt

149 4127 259 4190 omnia
281 4147 350 4190 non
371 4125 406 4190 in
427 4147 478 4201 re,
502 4123 627 4190 sedita
650 4124 683 4189 in
704 4122 870 4210 spoliari,
894 4133 932 4188 ut
952 4122 1045 4210 quod
1065 4123 1146 4190 dicit
1161 4125 1357 4212 Apostolus,

221 4382 243 4450 ¹)
263 4379 311 4452 Ep.
326 4381 367 4433 ad.
380 4376 521 4434 Nicolaum
534 4381 553 4435 Ι.
567 4379 599 4433 Τ.
614 4384 638 4440 2.
652 4398 762 4452 operum
774 4378 909 4434 Hincmari
921 4399 982 4452 pag.
996 4385 1028 4446 2„
1048 4382 1081 4434 ab
1094 4379 1195 4435 Tourn.

152 4480 155 4486 ’
217 4466 244 4532 ²)
263 4465 291 4520 L.
306 4467 338 4520 de
351 4464 595 4538 praedestinatione
608 4485 630 4520 o.
646 4472 685 4526 15.
699 4476 734 4525 to.
750 4472 773 4524 l.
786 4485 847 4540 pag.
860 4471 910 4533 63,
928 4485 962 4540 ap
975 4465 1077 4523 Toum.

219 4556 244 4625 ³)
264 4553 433 4619 llinomarus,
451 4553 494 4608 lib.
509 4555 541 4610 de
555 4554 802 4611 Praodestinatioue
817 4573 838 4609 c.
852 4558 901 4620 15,
921 4553 953 4612 T.
968 4560 990 4612 l.
1002 4573 1029 4630 p.
1042 4559 1083 4614 63.
1097 4573 1139 4630 ap.
1152 4553 1252 4618 Toum,
