3050 5046
787 295 829 365 80

202 498 326 582 docuit,
348 499 384 564 in
404 498 490 564 libro
508 500 743 586 Lugdunensis
766 500 927 568 ecclesiae
943 502 985 568 de
1001 504 1107 570 tribus
1124 503 1278 590 epistolis
1293 527 1335 570 ex
1352 525 1412 590 po·

201 605 299 680 nitur,
322 616 471 689 peccata,
495 625 581 689 quae
601 625 622 668 a
644 603 707 668 deo
730 605 895 690 praescita
915 616 1003 684 sunt,
1027 628 1096 672 non
1117 607 1252 694 abipso
1275 629 1413 695 quoqne

201 705 458 792 praedestinari,
493 705 578 770 mala
605 727 708 793 opera
733 717 919 785 creaturae,
948 709 1027 797 quia
1051 709 1157 796 ipsius
1180 710 1412 776 tantummodo

201 818 289 885 suut,
314 819 347 874 et
367 831 408 874 ex
431 809 503 894 ejus
525 809 617 885 vitio,
642 831 711 874 non
727 831 768 874 ex
784 810 845 876 Dei
862 811 1037 878 voluntate
1053 813 1105 878 vel
1122 813 1318 899 operatione
1334 835 1412 899 pro·

200 912 334 990 cedunt,
358 913 523 997 praescita
543 933 563 976 a
584 911 647 977 deo
665 912 729 978 dici
745 935 857 998 posse,
881 915 1128 1000 praedestinata
1145 938 1213 981 non
1230 937 1347 1001 posse3
1371 939 1413 980 ex

200 1018 275 1102 ipsa
295 1025 386 1080 certe
408 1016 639 1101 praescientia,
663 1026 696 1081 et
705 1016 800 1102 justa
815 1017 1122 1103 praedestinatione
1138 1041 1199 1084 sua
1216 1018 1313 1084 deum
1330 1019 1413 1084 nulli

200 1119 432 1184 necessitatem
461 1119 678 1205 imposuisse,
712 1136 749 1185 ut
779 1120 886 1186 malus
915 1131 1020 1197 esset,
1054 1132 1088 1188 et
1117 1121 1209 1186 aliud
1238 1143 1313 1187 esse
1343 1144 1414 1186 non

199 1238 319 1308 posset
427 1243 495 1286 non
521 1243 602 1310 ergo
628 1222 720 1287 illum
743 1231 856 1288 tantae
876 1224 1052 1302 bonitatis,
1076 1234 1109 1290 et
1130 1224 1263 1309 pietatis
1284 1234 1413 1310 patrem

199 1345 401 1413 quemquam
427 1325 597 1410 impellere
623 1333 682 1390 eut
702 1326 903 1413 compellere
923 1327 966 1392 ad
986 1327 1107 1394 malum
1130 1349 1216 1413 opus
1237 1326 1413 1414 agendum,

201 1428 254 1493 vel
281 1429 315 1493 in
343 1427 431 1492 malo
454 1449 556 1513 opere
579 1430 853 1515 permanendum:
883 1442 992 1496 tamen
1012 1451 1090 1496 vere
1112 1429 1357 1516 constringere,
1381 1441 1415 1494 et

201 1530 400 1618 compellere
416 1530 546 1617 judicio
568 1553 631 1597 sno
647 1533 681 1596 in
698 1532 793 1598 malis
814 1545 1068 1620 perseverantes
1083 1533 1125 1598 ad
1137 1533 1267 1619 justum
1283 1531 1415 1619 suppli·

199 1634 285 1700 cium
301 1633 468 1699 luendum.

202 1761 204 1768 ·
263 1735 421 1802 Secundo
444 1736 539 1814 loco,
564 1736 678 1824 quoad
704 1735 910 1802 voluntatem
932 1736 1010 1813 Dei,
1034 1759 1150 1803 omnes
1172 1737 1324 1802 homines
1345 1737 1414 1804 sal·

199 1840 311 1917 vendi,
334 1840 477 1906 ecclesia
497 1840 732 1928 Lugdunensis
754 1841 787 1905 in
804 1840 890 1905 libro
912 1839 954 1906 de
975 1841 1082 1907 tribus
1104 1841 1255 1926 epistolis
1278 1840 1414 1930 quidem

199 1944 336 2023 asserit,
361 1943 459 2009 deum
485 1965 544 2008 eos
571 1953 698 2010 tantum
721 1943 806 2009 velle
827 1943 973 2021 salvare,
1003 1944 1061 2030 qui
1086 1966 1202 2010 revera
1228 1943 1415 2020 salvantur,

199 2048 320 2112 asserit
357 2057 468 2112 autem
503 2045 620 2112 eodem
648 2058 833 2124 momente,
871 2047 966 2114 deum
997 2047 1084 2114 velle
1114 2069 1229 2112 omnes
1259 2046 1415 2132 homines

198 2151 335 2216 omnino
351 2149 466 2230 salvos
482 2149 562 2226 fieri,
579 2151 677 2216 etiam
693 2173 752 2216 eos
769 2151 827 2239 qui
843 2173 909 2216 non
923 2151 1108 2228 salvantur,
1125 2151 1218 2238 quod
1233 2159 1414 2238 utrumqne

198 2263 288 2320 recte
315 2251 441 2318 dictum
467 2263 533 2329 est,
557 2252 746 2320 discrimine
769 2255 954 2320 voluntatis
981 2255 1113 2322 divinae
1138 2253 1314 2320 absolutae
1340 2255 1413 2320 sive

200 2355 355 2433 efficacis,
374 2377 472 2444 qnam
489 2367 750 2444 consequentem
763 2367 897 2434 vocant,
913 2368 946 2422 et
962 2358 1145 2424 voluntatis
1162 2357 1413 2424 conditionatee

198 2461 269 2525 sive
302 2457 502 2536 inefficacis,
548 2481 647 2547 qnam
687 2459 937 2526 antecedentem
971 2461 1102 2538 dicunt,
1148 2470 1293 2527 statuto:
1335 2481 1413 2524 nam

200 2562 375 2636 voluntate
407 2574 637 2650 consequente
667 2563 740 2629 vult
768 2585 883 2630 revera
913 2563 995 2630 deus
1026 2563 1156 2630 salvare
1186 2584 1246 2628 eos
1283 2572 1413 2628 tantum
1516 2609 1517 2621 ,

198 2665 367 2743 homines,
402 2667 460 2754 qui
488 2665 645 2752 profecto
675 2667 864 2742 salvantur,
895 2666 1068 2733 voluntate
1093 2667 1311 2734 antecedente
1339 2665 1414 2732 vult
1515 2685 1516 2690 ¹

197 2792 316 2836 omnes
344 2771 480 2836 omnino
500 2771 654 2838 homines
676 2770 791 2836 salvos
817 2769 903 2845 fieri,
935 2771 1032 2836 stiam
1059 2791 1134 2852 eos,
1164 2771 1222 2858 qui
1249 2791 1318 2836 non
1345 2768 1412 2834 sal·
1513 2859 1514 2862 Ἴ

198 2882 328 2942 vantur.
426 2935 429 2944 .

261 2977 377 3044 Tertio
412 2976 490 3042 loco
523 2976 659 3054 exinde,
694 2978 808 3065 quoad
834 2987 972 3043 mortem
1000 2998 1020 3040 a
1048 2975 1182 3042 Christo
1210 2997 1271 3062 pro
1302 2975 1411 3042 salute

198 3082 343 3148 omnium
393 3079 564 3145 hominum
609 3094 799 3168 susceptam
842 3081 983 3148 ecclesia
1019 3079 1258 3166 Lugdunensis
1300 3078 1410 3155 docet,

200 3185 368 3253 Christum
400 3182 526 3270 duplici
556 3184 657 3249 modo
687 3183 754 3250 dici
779 3206 883 3271 posse
910 3205 971 3269 pro
997 3183 1190 3248 hominibus
1216 3182 1409 3268 sanguinem

197 3287 344 3356 fudisse:
367 3307 503 3372 passum
523 3309 596 3353 eum
612 3309 687 3354 esse
703 3287 830 3353 efficaci
847 3287 1071 3373 applicatione
1086 3286 1277 3352 meritorum
1293 3285 1409 3373 ipsius,

198 3411 265 3479 qna
279 3391 409 3456 ratione
426 3411 488 3475 pro
504 3390 571 3456 illis
589 3389 672 3456 solis
686 3400 840 3457 mortuus
856 3400 917 3468 est,
940 3389 1063 3478 quibus
1078 3389 1221 3477 pretium
1237 3388 1409 3475 sauguinis

197 3493 379 3561 efficaciter
400 3493 606 3580 applicatum
628 3515 765 3580 passum
786 3516 860 3560 cum
882 3514 955 3559 esse
976 3491 1175 3558 sufficientia
1197 3513 1265 3556 non
1281 3501 1408 3556 tantum

198 3597 295 3685 pretii
317 3596 440 3678 oblati,
464 3596 523 3662 sed
547 3597 732 3662 voluntatis
755 3597 941 3674 offerentis,
967 3597 1014 3663 ite
1038 3605 1076 3661 ut
1097 3595 1250 3662 Christus
1270 3603 1408 3660 mortem

197 3722 292 3768 suam
320 3699 476 3764 omnibus
502 3700 636 3764 omnino
664 3699 856 3767 hominibus
883 3699 1090 3786 profuturnm
1118 3697 1277 3779 voluerit,
1310 3698 1406 3762 etiam

197 3802 397 3870 infidelibus.

262 3906 391 3987 Quarto
410 3905 555 3992 denique
570 3905 658 3982 loco,
683 3907 796 3994 quoad
811 3907 949 3974 liberum
967 3907 1147 3982 arbitrium,
1163 3905 1305 3972 ecclesia
1319 3904 1406 3992 Lug·

196 4009 359 4078 dunensis
381 4009 480 4075 claris
497 4009 608 4075 verbis
628 4031 772 4076 errorem
795 4011 1034 4078 Gotbeschalci
1060 4009 1220 4096 reprobat
1246 4009 1406 4078 dicendo:
1477 4092 1480 4102 ,

196 4114 310 4203 „quod
325 4133 405 4178 vero
422 4112 548 4178 dixisse
564 4111 833 4180 Gotlreschalcus
848 4115 1006 4190 firmatur,
1023 4113 1065 4179 ad
1081 4114 1165 4179 male
1175 4115 1405 4180 tantummodo

195 4218 361 4306 agendum
382 4215 522 4282 liberum
543 4238 607 4282 nos
628 4216 752 4284 habere
772 4219 958 4295 arbitrium,
982 4218 1023 4282 ad
1047 4219 1130 4284 bene
1147 4242 1225 4285 vero
1242 4221 1404 4308 agendum

195 4344 264 4387 non
291 4320 430 4386 habere:
460 4319 487 4384 si
514 4342 591 4386 vere
615 4320 662 4387 ita
689 4321 808 4399 sensit,
833 4333 866 4387 et
892 4321 992 4401 dixit,
1016 4321 1081 4388 hoc
1103 4345 1180 4388 vere
1201 4345 1269 4388 non
1291 4335 1404 4390 estex

197 4424 310 4490 divina
339 4424 538 4490 auctoritate
565 4435 749 4511 sumptum,
778 4447 886 4512 nsque
909 4448 949 4490 ex
972 4448 1015 4492 ss.
1037 4427 1171 4494 Petrum
1192 4430 1404 4516 dogmatibus

195 4537 351 4608 tractum,
375 4528 433 4594 sed
451 4536 564 4616 aperte
578 4551 619 4596 ex
634 4530 771 4616 proprio
789 4552 900 4597 errore
914 4531 1112 4617 prolatum.“
1416 4515 1419 4524 ¹
