3050 5046
789 347 830 412 72

707 435 906 448 M

203 557 279 621 dere
314 557 346 619 in
385 555 472 642 Agro
511 553 713 618 Veronensi:
756 551 849 639 quod
879 573 953 615 cum
990 551 1211 617 intellexisset
1249 551 1414 617 [tabanus

202 659 423 746 Mogontinns
453 657 746 743 Archiepiscopus,
776 655 861 720 duas
891 656 1025 741 scripsit
1055 664 1172 720 contra
1197 677 1307 720 novos
1335 654 1420 720 illos

203 783 332 826 errores
359 759 542 846 Epistolas.
588 759 693 826 Unam
725 759 767 824 ad
793 757 976 845 Notingum
1001 758 1208 844 Episcopum
1230 757 1419 823 ¹Veronen-

204 887 289 932 sem.
327 863 462 928 alteram
500 862 542 928 ad
578 861 785 928 Eberardum
822 861 971 947 ejusdem
1008 861 1203 926 Provinciae
1241 862 1416 926 Comitem.

268 967 399 1048 Quibus
416 966 573 1052 perlectis
589 965 844 1039 Gotescbalcus,
861 964 932 1028 sive
941 964 1041 1049 jussu
1059 963 1231 1050 Episcopi,
1254 973 1288 1029 et
1304 964 1416 1029 Comi·

205 1072 258 1146 tis,
282 1071 353 1134 sive
376 1078 498 1155 sponte
520 1091 561 1133 ex
582 1069 679 1133 Italia
693 1068 728 1132 in
744 1067 952 1133 Germaniam
969 1068 1110 1132 secessit
1125 1067 1214 1152 apud
1230 1067 1418 1143 Rabanum,

205 1195 310 1260 aquo
332 1181 471 1260 propter
493 1193 636 1237 errorem
661 1171 846 1246 damnatus,
871 1182 904 1235 et
924 1170 966 1234 ad
988 1170 1201 1235 Hincmarum
1218 1171 1417 1236 Remensem

205 1276 503 1361 Arcbiepiscopum
533 1275 707 1355 remissuS,
738 1274 959 1339 damnationis
990 1275 1187 1338 sententiam
1219 1275 1343 1360 pariter
1373 1275 1419 1338 ab

205 1381 281 1465 ipso
298 1380 491 1464 reportavit,
509 1378 661 1442 reclusus
676 1376 709 1440 in
727 1397 868 1454 carcere,
885 1377 941 1441 ubi
959 1377 1060 1463 virgis
1076 1399 1210 1454 caesus3
1228 1399 1267 1441 ac
1279 1378 1419 1442 Librum

208 1505 306 1569 quem
330 1483 510 1566 scripserat
532 1503 593 1566 pro
617 1502 763 1545 errorum
781 1501 918 1544 suorum
934 1479 1139 1556 detensione,
1162 1480 1320 1568 inignem
1339 1503 1419 1566 pro-

208 1585 279 1671 pria
296 1605 392 1648 manu
410 1583 574 1669 conjicere
591 1593 730 1647 coactus
745 1583 809 1648 fuit
820 1582 879 1663 ¹).“

273 1737 389 1762 ......
407 1687 528 1773 quietis
551 1687 738 1772 impatiens,
769 1696 803 1750 et
824 1708 944 1750 vocum
968 1686 1148 1750 novitatem
1173 1685 1354 1760 delectans,
1380 1709 1421 1750 ac

208 1792 294 1855 inter
320 1811 402 1854 suos
428 1788 612 1854 mobilitate
636 1791 737 1854 noxia
760 1789 930 1876 singulari,
957 1789 998 1853 de
1022 1790 1187 1866 omuibus,
1213 1811 1299 1876 quae
1315 1790 1348 1854 in
1364 1790 1421 1854 nis

207 1894 400 1979 regionibus
423 1914 582 1978 perverse
604 1902 686 1957 tunc
709 1893 869 1978 temporis
893 1914 991 1956 sensa
1015 1901 1229 1977 cognoverat,
1254 1892 1419 1979 quaedam

209 1998 271 2060 sibi
294 1997 394 2082 elegit
416 1995 581 2082 Capitula,
604 2007 642 2060 ut
665 1997 815 2060 novitate
836 2017 957 2060 vocum
973 1997 1137 2060 innotesci
1154 1995 1291 2070 valeret,
1315 2005 1421 2082 atque

208 2100 415 2185 simplicium,
439 2109 472 2163 et
488 2099 703 2183 deceptorum
726 2121 846 2163 sensus
863 2109 1067 2183 pervertere3
1085 2108 1117 2162 et
1133 2100 1279 2182 magistri
1295 2121 1420 2164 nomen
1498 2109 1499 2128 ¹

207 2201 404 2288 usurpando
426 2212 505 2287 post
520 2225 556 2266 se
578 2201 766 2286 discipulos
782 2201 914 2266 trahere
928 2202 1053 2288 qui
1069 2202 1255 2288 peragratis
1271 2203 1420 2290 regioni-

206 2307 271 2371 bus
298 2305 458 2390 plurimis,
483 2314 516 2369 et
538 2306 679 2368 exitiosa
701 2307 827 2369 semina
849 2313 942 2368 sator
961 2305 1126 2390 pessimus
1143 2305 1309 2370 seminans
1312 2354 1420 2382 .....

96 2408 98 2414 ’
208 2408 384 2473 damnatur
410 2409 450 2470 ab
479 2406 1071 2493 omuibus....episcopis...,²).
1117 2406 1191 2483 „Ob
1222 2409 1353 2473 nimiam
1384 2411 1421 2474 iu

208 2509 413 2597 disputando
431 2510 647 2574 subtilitatem
665 2511 841 2597 minusque
857 2512 1038 2597 castigatas
1054 2511 1095 2575 de
1112 2509 1421 2596 praedestinatione
1504 2549 1505 2556 κ

207 2614 368 2700 loquendi
385 2613 546 2677 formulas
562 2613 646 2676 male
663 2613 776 2687 audiit,
801 2614 850 2678 vir
865 2614 988 2700 ingenii
1010 2615 1133 2678 curiosi
1150 2616 1230 2678 etin
1248 2618 1421 2702 quaestio·

209 2740 270 2782 nes
294 2717 471 2802 perplexas
494 2717 620 2802 ingenti
637 2739 710 2781 cum
732 2717 853 2783 aflectu
869 2739 905 2782 se
921 2718 1085 2804 ingerere,
1110 2739 1214 2804 aquo
1233 2719 1419 2804 praedesti-

207 2821 418 2885 natianorum
436 2829 526 2883 secta
544 2819 597 2883 vel
613 2820 767 2884 instituta
783 2820 836 2885 vel
852 2829 1012 2886 renovata
1028 2819 1132 2884 fuisse
1149 2821 1295 2887 creditur
1308 2823 1420 2906 Μ’).

208 2925 459 3008 „Quaecunque
476 2944 557 2986 vero
573 2923 697 2988 fuerint
710 2923 916 2989 Gottescalci
934 2925 975 2988 de
987 2923 1296 2990 Praedcstinatioue
1308 2949 1421 2999 sensa,

209 3028 237 3092 is
264 3037 373 3091 tamen
403 3025 565 3112 ejusmodi
590 3025 743 3091 formulis
770 3037 822 3092 est
846 3049 938 3102 usus,
966 3037 1003 3094 ut
1029 3027 1215 3113 significare
1239 3028 1420 3107 videretur,

208 3130 315 3194 Deum
331 3127 640 3194 Pracdestinetione
656 3152 718 3194 sua
733 3130 820 3194 mala
834 3131 950 3194 merita
964 3131 997 3194 in
1013 3132 1177 3216 reprobis,
1198 3132 1287 3198 bona
1301 3136 1419 3198 marita

207 3234 242 3297 in
265 3231 379 3296 electis
396 3229 595 3310 efficere³).“

270 3334 450 3399 Janseuius
463 3334 653 3399 contendit:
677 3332 912 3408 „Hincmarum
925 3334 1183 3400 Massiliensium
1197 3337 1418 3424 objectiones,

209 3448 242 3502 et
269 3437 483 3502 anathemata
508 3459 569 3524 pro
593 3437 726 3501 haeresi
750 3436 1077 3503 praedestinatorum
1105 3441 1289 3527 accepisse,
1315 3451 1418 3528 atqua

209 3541 327 3605 fraude
339 3541 407 3621 ,ista
423 3539 540 3616 aliena,
563 3541 615 3604 vel
638 3539 772 3625 propria
787 3540 915 3605 incuria
931 3563 971 3606 eo
986 3564 1095 3629 usqne
1111 3543 1285 3628 abreptum
1301 3542 1418 3617 fuisse,

210 3653 247 3708 nt
264 3642 425 3708 articulos
442 3643 484 3707 ab
501 3645 700 3729 Augustino,
725 3643 903 3729 Prospero,
924 3644 951 3710 F
952 3645 1169 3733 ulgentioqne
1185 3645 1337 3722 traditos,
1360 3648 1418 3734 qui

209 3747 264 3810 vel
285 3746 381 3811 fidem
399 3742 619 3819 catholicam,
641 3746 694 3811 vel
711 3745 895 3812 doctrinam
912 3770 981 3813 non
997 3748 1249 3835 improbandam
1265 3752 1416 3814 contine-

209 3852 301 3926 bant,
325 3850 405 3936 quia
420 3871 440 3913 a
456 3849 682 3915 Goteschalco
704 3851 738 3914 iu
754 3851 827 3915 aliis
843 3852 1015 3917 nonnullis
1031 3862 1161 3916 errante
1178 3852 1419 3938 probabantur,

209 3953 520 4040 improbaverit⁴).·⁴
566 3952 674 4030 „Sunt
696 3953 783 4018 inter
801 3956 1015 4032 recentiores,
1045 3956 1102 4043 qui
1133 3978 1206 4020 cum
1224 3955 1418 4022 Clarissimo

208 4056 391 4143 Mauguino
430 4054 689 4120 Goteschaleum
728 4056 770 4120 ab
809 4080 921 4123 errore
957 4058 1145 4136 vindicant3
1189 4080 1287 4146 quem
1325 4060 1420 4147 ajunt

208 4158 485 4248 Augustiuianae,
516 4157 778 4245 catholicaeque
808 4159 981 4226 doctrinae
1011 4163 1275 4227 strenuissimum
1302 4162 1417 4229 defen·

280 4330 302 4398 ¹)
321 4327 423 4380 Tourn.
437 4327 453 4379 l.
467 4346 489 4380 c.
525 4330 550 4395 2)
569 4327 602 4380 Τ.
617 4331 640 4386 2.
654 4347 764 4401 opernm
778 4329 912 4384 Hincnmri
925 4348 986 4403 pag.
1000 4335 1067 4399 202,
1081 4349 1123 4403 ap.
1136 4331 1238 4392 Toum.

278 4415 302 4482 ⁸)
320 4414 376 4468 dac.
390 4413 575 4480 Ruttcnstool,
593 4415 654 4469 inst.
668 4417 728 4470 bist.
742 4418 846 4483 eccles,
858 4429 922 4472 tom.
936 4420 978 4484 ΙΙ.,
992 4419 1112 4472 Viennae
1125 4421 1200 4476 1832.
1213 4437 1238 4490 Ρ.
1253 4421 1311 4482 604,
1324 4420 1382 4476 605.

246 4501 303 4636 Ε4)
321 4500 440 4638 Japsenii
450 4501 653 4570 „Augustinus“
660 4502 689 4556 L.
700 4506 724 4560 8.
736 4503 768 4558 de
779 4504 883 4558 haeresi
894 4504 1038 4576 Pelagiana
1048 4523 1105 4578 cup.
1116 4508 1157 4562 23.
1168 4505 1219 4559 To.
1233 4507 1352 4578 epota
1360 4507 1414 4561 bc.

208 4601 232 4637 o.
271 4601 332 4655 ‚ep
373 4604 447 4640 curn.
