3050 5046
699 273 899 376 Q

196 477 484 564 propositionibus
499 485 589 542 recte
603 476 705 542 tribui
721 485 754 542 et
768 485 806 542 ut
820 498 943 554 verum,
960 499 1152 564 germanum
1168 501 1205 544 ao
1220 478 1409 566 legitimum

194 583 303 645 inesse
324 581 586 658 affirmaverunt,
615 602 748 645 sensum
771 579 900 646 Calvini
920 594 959 644 ut
979 581 1122 646 alienum
1143 590 1177 646 et
1200 590 1409 657 extraneum,

195 685 253 770 qui
288 684 431 770 legitime
467 695 620 769 sumptus
655 684 767 749 verbis
804 705 872 748 non
907 695 1011 762 esset,
1054 693 1264 749 removentes
1300 693 1409 772 etque

193 797 389 872 respuentes
402 787 447 870 1);
470 809 567 874 quem
589 797 698 852 tamen
714 809 847 852 sensum
864 785 994 867 deinde,
1019 787 1246 852 Calvinianum
1262 787 1407 862 scilicet,

194 899 374 977 postquam
401 890 588 955 Innocentii
615 890 708 955 bulla
734 891 833 954 istum
862 891 989 976 gratiae
1015 912 1035 954 a
1061 913 1096 956 se
1122 890 1268 956 efficacis
1283 889 1405 955 Janse·

193 994 312 1056 nianae
334 1002 492 1080 tanquam
516 1015 608 1070 vere,
631 993 776 1080 legitime
798 1014 837 1058 ac
858 995 993 1078 proprie
1014 993 1305 1078 propositionibus
1322 1015 1406 1058 con,-

193 1107 324 1181 ceptum
347 1096 524 1172 damnavit,
547 1097 720 1182 proprium
744 1105 777 1160 et
797 1096 980 1160 naturalem
997 1117 1070 1160 esse
1087 1096 1342 1170 contenderunt,
1365 1105 1408 1162 ut

194 1199 470 1284 proscriptionem
508 1199 842 1285 aequivocationibus
874 1221 914 1264 eo
950 1198 1125 1264 fraudibus
1163 1209 1404 1287 expungerent.

192 1301 278 1367 Tum
300 1302 395 1377 enim,
419 1302 460 1365 ab
483 1303 572 1366 omni
594 1301 727 1388 quidem
749 1301 909 1389 loquendi
932 1325 996 1366 usu
1011 1309 1112 1388 etque
1128 1323 1148 1365 a
1163 1302 1303 1367 rationis
1320 1323 1404 1367 con·

194 1404 268 1469 silio
291 1404 390 1470 alieni
410 1426 543 1469 sensum
566 1403 791 1470 distinxerunt
813 1426 936 1480 verum,
960 1426 1150 1491 germanum
1173 1412 1206 1468 et
1220 1403 1405 1491 legitimum

193 1517 225 1573 et
247 1529 381 1572 sensum
402 1507 563 1582 strictum,
587 1508 774 1594 rigorosum
799 1517 832 1572 et
847 1507 1038 1586 naturalem,
1063 1507 1150 1571 sicut
1165 1516 1198 1570 et
1213 1507 1403 1572 distinotio-

192 1632 266 1675 nem
287 1610 373 1697 juris
400 1625 433 1674 et
456 1609 537 1674 faeti
564 1612 850 1697 excogitaverant,
884 1631 1105 1696 quaecunque
1132 1610 1251 1687 moliti,
1286 1620 1340 1686 ut,
1372 1611 1403 1673 si

192 1713 297 1778 altero
319 1734 420 1778 sensu
441 1712 664 1798 rejicerentur,
688 1713 793 1778 altero
816 1735 851 1778 se
868 1713 1045 1782 salvarent.
1089 1713 1216 1800 Itaque,
1240 1735 1342 1799 quum
1358 1713 1401 1777 ab

191 1816 388 1882 Innocentio
411 1817 565 1903 quinque
575 1817 826 1902 propositiones
843 1815 1082 1880 condemnatae
1098 1825 1219 1892 essent,
1241 1817 1400 1881 intutum

192 1943 228 1984 se
254 1919 401 2008 recipere
432 1920 582 1984 arbitrati
609 1928 688 1984 sunt
714 1919 926 1994 affirmando,
961 1919 1068 1984 solum
1095 1917 1225 1984 Calvini
1254 1941 1402 1997 sensum,

192 2044 322 2108 semper
337 2021 377 2086 ab
394 2021 477 2107 ipsis
493 2022 714 2107 repudiatum,
737 2045 806 2086 non
822 2029 930 2085 autem
945 2021 1093 2086 Jansenii
1110 2021 1298 2086 damnatum
1315 2044 1402 2097 esse,

192 2126 350 2212 quoniam
372 2125 529 2210 proprius
551 2132 584 2189 et
603 2124 765 2190 naturalis
788 2147 907 2190 sensus
929 2127 1077 2211 quinque
1098 2125 1241 2191 thesium
1262 2146 1402 2192 asensu

192 2229 318 2314 gratiae
335 2227 478 2292 efficacis
493 2226 714 2292 lansenianae
730 2228 859 2292 alienus
876 2239 973 2303 esset,
990 2227 1196 2308 simulantes,
1211 2227 1402 2305 aliudesse,

192 2331 340 2418 quinque
369 2331 621 2416 propositiones
647 2331 760 2416 aliquo
792 2353 893 2396 sensu
923 2330 1116 2407 defendere,
1152 2330 1243 2416 quod
1273 2331 1401 2405 liceret,

192 2435 297 2511 aliud,
322 2455 454 2498 sensum
477 2432 619 2519 aliquem
642 2433 911 2519 propositionum
934 2455 1159 2518 propugnare,
1189 2433 1281 2520 quod
1304 2433 1402 2499 nefas

192 2547 297 2616 esset3
321 2537 422 2613 aliud,
446 2537 628 2601 doctrinam
653 2537 777 2623 gratiae
794 2535 1002 2614 catholicam,
1026 2536 1137 2610 idest,
1160 2535 1402 2602 Jansenitieam

191 2641 291 2714 tueri,
315 2640 407 2726 quod
428 2641 641 2726 permissum,
671 2639 777 2715 aliud,
806 2639 919 2703 iisdem
943 2640 984 2703 ad
1005 2660 1075 2702 eam
1098 2638 1251 2702 tuendam
1274 2661 1401 2724 propo·

191 2744 347 2808 sitiouum
364 2744 475 2807 verbis
499 2744 557 2817 uti,
581 2742 674 2828 quod
691 2744 827 2807 vetitum
850 2752 948 2806 essct.
993 2739 1078 2806 Mira
1093 2741 1245 2826 profecto
1262 2743 1400 2807 caville-

191 2849 255 2912 tio!
279 2869 355 2934 qua,
372 2847 412 2912 de
429 2847 539 2912 verbis
556 2845 638 2909 solis
655 2845 859 2922 dimicantes,
882 2867 995 2909 verum
1012 2866 1144 2908 sensum
1160 2843 1398 2910 Jansenianum

190 2949 379 3024 retinerent,
403 2957 546 3014 attamen
564 2947 752 3012 catholicos
769 2969 894 3013 essese
911 2954 1168 3033 praesumerent.

256 3051 418 3117 Videmus
442 3073 500 3116 eos
523 3051 647 3116 talibus
669 3049 812 3114 fallaciis
835 3062 869 3114 et
891 3050 1022 3115 astutiis
1045 3070 1234 3136 germanum
1250 3049 1400 3136 quinque

192 3157 457 3242 propositionum
482 3177 616 3232 sensum
638 3175 700 3239 pro
725 3176 787 3218 suo
812 3155 949 3218 arbitrio
973 3175 1012 3219 ao
1029 3153 1204 3218 commodo
1221 3151 1399 3218 deflexisse

192 3268 225 3324 et
245 3259 437 3333 detorsisse,
460 3257 576 3322 iisdem
599 3279 728 3343 semper
742 3257 1001 3343 probationibus
1017 3278 1055 3321 ao
1070 3256 1245 3342 responsis
1259 3257 1398 3320 eandem

188 3363 335 3428 Jansenii
359 3361 542 3428 doctrinam
564 3369 827 3448 propugnantes.
873 3358 983 3439 Quum
1009 3359 1214 3445 propositio:
1254 3359 1399 3445 „Aliqua

190 3466 348 3531 mandata
376 3464 566 3530 hominibus
589 3465 693 3550 justis
716 3462 907 3528 volentibus
934 3471 967 3526 et
990 3462 1190 3528 conantibus
1214 3463 1396 3526 secundum

189 3578 382 3656 praesentes
407 3590 490 3655 quas
514 3566 640 3632 habent
663 3568 749 3632 vires
773 3574 852 3630 sunt
877 3565 1113 3651 impossibilia,
1137 3565 1231 3630 deest
1258 3587 1396 3651 quoque

189 3672 256 3737 illis
272 3673 387 3759 gratia,
411 3692 479 3758 qua
501 3670 674 3755 possibilia
689 3669 806 3746 fiant;“
830 3677 932 3754 prout
947 3668 1115 3734 haeretica
1129 3668 1396 3743 denunciaretur,

190 3777 300 3841 statim
322 3773 578 3860 responderunt,
601 3795 637 3836 se
661 3773 871 3837 solummodo
896 3772 1027 3848 docere,
1051 3772 1121 3836 sine
1137 3772 1242 3858 gretia
1258 3770 1395 3846 efficaci,

191 3901 276 3965 quae
306 3877 425 3943 effectu
455 3897 517 3940 suo
544 3897 714 3961 nunquam
740 3874 900 3940 destituta
929 3875 1177 3940 invinicibiliter
1203 3895 1300 3959 agere
1328 3873 1394 3948 det,

183 3984 298 4069 justos
326 3979 409 4068 nibil
438 4000 549 4064 posse.
601 3977 710 4058 Quum
741 3978 907 4042 haeretice
935 3978 1161 4042 nominaretur
1189 3977 1393 4062 propositio:

190 4084 362 4167 „interiori
390 4084 514 4170 gratiae
539 4082 571 4146 in
596 4090 686 4146 statu
708 4091 846 4147 naturae
868 4080 983 4166 lapsae
1005 4102 1169 4168 nusquam
1191 4080 1392 4156 resistitur;“

190 4291 390 4304 ...,..,-.....--

220 4453 223 4460 ·
263 4427 285 4494 ¹)
305 4423 400 4477 Cebier
423 4423 471 4478 des
494 4425 561 4478 trois
587 4421 743 4488 Columnes,
773 4419 906 4492 Scriptum
927 4419 1005 4474 trium
1030 4417 1208 4474 columnarum
1232 4437 1280 4474 seu
1301 4417 1391 4474 Brevis

192 4509 307 4582 quinque
318 4512 531 4586 propositionum
544 4512 568 4565 in
581 4511 669 4564 varios
682 4527 779 4564 sensus
793 4507 941 4576 destinetis,
959 4508 975 4562 l.
990 4526 1023 4575 c,
1041 4507 1126 4564 Breve
1139 4507 1241 4578 istoria,
1258 4508 1275 4562 l.
1290 4526 1311 4568 c.
