3084 5056
682 301 815 400 js&

177 501 293 568 eodem
316 503 445 570 honore
467 503 648 590 eademque
672 510 840 588 potestate
863 513 1002 568 ornatus
1018 506 1191 580 successit,
1215 505 1274 590 qui
1293 506 1383 590 eapi-

175 606 281 672 tulum
311 605 560 692 Ultrajectinum
591 607 695 693 magis
724 607 900 694 magisque
931 615 1147 682 coarctatum,
1178 607 1383 684 diminutum,

176 719 277 796 atque
306 717 514 775 attenuatum
545 732 584 774 eo
616 731 815 774 conservare
846 708 991 783 studuit,
1029 711 1122 796 quod
1151 710 1321 796 parochos
1351 711 1385 776 in

175 813 334 898 diaspcra
349 812 508 900 degentes
524 814 556 877 in
574 813 750 898 collegium
768 822 973 898 congereret.

239 913 292 980 Ex
308 937 375 1000 quo
399 923 548 1001 tempore
567 917 778 981 Jansenistae
793 915 861 980 huc
877 917 1049 1002 congressi
1064 915 1254 993 tenderunt,
1278 915 1385 996 Ques·

143 1087 147 1108 ¹
175 1019 253 1084 nelo
269 1019 345 1104 ipso
361 1019 642 1092 Amstelodamum
659 1041 749 1084 anno
768 1019 858 1084 1703.
876 1019 1040 1104 profecto.

239 1121 359 1186 Petrus
374 1121 506 1197 Kodde,
533 1123 684 1188 Vicarius
701 1123 922 1210 apostolicus,
938 1121 1212 1207 archiepiscopus
1228 1121 1387 1186 Sebaste·

176 1247 240 1290 nus
264 1245 353 1288 anno
379 1225 469 1290 1702.
487 1225 671 1295 doctrinam
693 1227 930 1292 Janseniticam
953 1225 1126 1312 amplexus
1148 1234 1262 1310 aperte
1285 1225 1388 1290 tradi-

176 1327 235 1403 dit,
259 1349 362 1414 quare
382 1349 402 1391 a
424 1328 593 1394 Clemente
613 1331 673 1396 Xl.
690 1331 848 1416 pontifice
872 1329 1178 1396 excommunicatus
1195 1328 1331 1392 Petrum
1345 1328 1389 1393 de

175 1428 275 1494 Koch
291 1431 431 1515 excepit,
449 1432 676 1499 Provicarium
690 1455 709 1496 a
721 1455 810 1518 papa
826 1433 977 1510 electum,
994 1431 1113 1496 deinde
1130 1431 1216 1496 duos
1228 1431 1387 1497 Vicarios

176 1541 349 1620 sequutus.
409 1533 476 1600 Sed
513 1544 623 1600 tamen
658 1537 870 1601 Jansenistae
909 1557 989 1600 suae
1025 1536 1175 1620 ipsorum
1214 1534 1388 1600 doctrinae

177 1635 436 1714 conservandae,
471 1639 679 1724 ampliandae
707 1649 748 1704 'et
783 1640 1019 1726 propagandae
1047 1637 1221 1702 maximam
1251 1659 1388 1723 operam

176 1739 341 1805 dederunt
363 1741 527 1814 omuibus,
553 1743 675 1829 quihus
692 1753 725 1807 et
741 1742 822 1806 alias
844 1743 897 1806 usi
913 1754 1000 1817 sunt,
1025 1741 1162 1818 artibus,
1188 1741 1330 1814 astutiis,
1355 1750 1390 1806 et

177 1842 345 1908 violentiis
376 1843 419 1908 ad
445 1845 541 1908 finem
570 1846 781 1932 propositum
811 1845 1060 1931 exsequendum
1086 1844 1161 1920 nisi,
1191 1843 1290 1908 simul
1313 1865 1388 1908 cum

175 1945 386 2012 Jansenianis
401 1948 435 2012 in
450 1946 580 2014 Franco
593 1949 723 2014 -Gallia
744 1949 942 2035 degentibus
965 1947 1145 2034 conjuncti.
1190 1947 1321 2012 Accidit
1343 1947 1393 2011 ita

175 2072 263 2114 anno
288 2049 389 2124 1716,
413 2059 450 2115 ut
479 2051 679 2118 Dominicus
702 2052 833 2128 Varlet,
857 2053 1038 2136 episeopus
1068 2050 1348 2138 Babyloniensis,
1370 2075 1390 2116 e

175 2153 285 2218 Gallia
305 2154 340 2216 in
361 2154 513 2241 Belgium
541 2157 678 2232 veniret,
704 2156 762 2241 qui
778 2156 840 2219 etsi
857 2157 897 2218 ab
915 2154 1026 2218 officio
1044 2155 1229 2240 episcopali
1245 2175 1389 2240 suspen-

175 2278 233 2322 sns
250 2264 283 2320 et
298 2277 318 2319 a
334 2278 422 2340 papa
439 2257 644 2342 prohibitus,
668 2254 860 2322 Cornelium
877 2257 1067 2322 Steenoven
1083 2279 1101 2320 a
1119 2257 1277 2342 capitu10,
1295 2257 1389 2343 quod

176 2360 360 2424 vocabatur
372 2358 635 2444 Ultrajectinum‚
661 2359 950 2447 archiepiscopum
965 2359 1219 2445 Ultrajectinum
1235 2359 1388 2434 electum,

175 2463 281 2528 Roma
302 2462 452 2548 quamvis
474 2465 594 2538 renisa,
619 2465 831 2528 consecravit
852 2473 885 2530 et
906 2473 985 2549 post
1006 2465 1078 2550 ejus
1101 2469 1239 2530 mortem
1256 2463 1390 2550 aliquot

176 2566 249 2630 aliis
264 2588 382 2629 manus
400 2567 570 2651 imposuit.

239 2669 423 2733 Meindarts
440 2671 716 2756 archiepiscopus
732 2691 800 2734 rem
816 2690 856 2734 eo
872 2669 1022 2750 adduxit,
1043 2677 1081 2734 ut
1097 2669 1194 2734 sedes
1211 2670 1387 2756 episcopa-

175 2773 234 2848 les,
259 2795 344 2858 quae
366 2787 464 2837 antea
484 2772 626 2851 fuerant,
650 2773 900 2838 Harlemenscm
922 2780 956 2836 et
976 2773 1242 2838 Deventeranam
1257 2781 1387 2838 restau-

175 2889 272 2952 raret,
296 2897 384 2938 anno
403 2876 506 2953 1742,
530 2877 577 2942 ita
591 2886 631 2942 ut
652 2877 804 2962 episcopi
818 2876 976 2940 haeretici
993 2876 1208 2940 successione
1223 2897 1387 2962 propaga·

176 2986 300 3043 rentur.
349 2978 518 3065 Synodus,
553 2979 775 3044 Meindartsio
810 2979 895 3044 duce
929 2988 963 3043 et
992 2979 1156 3064 praeside,
1190 2988 1309 3044 coacta
1336 2988 1388 3044 est

177 3102 265 3146 anno
284 3081 374 3149 1763.
391 3081 583 3168 Ultrajecti:
606 3091 681 3147 acta
696 3083 834 3147 Romam
849 3081 959 3146 missa.
983 3081 1136 3146 Schisma
1150 3083 1197 3146 ita
1212 3082 1254 3148 ad
1270 3090 1387 3151 nostra

174 3207 283 3272 usque
311 3195 462 3271 tempora
492 3187 691 3250 translatum
721 3194 781 3261 est,
812 3185 905 3270 quod
933 3183 1008 3248 tolli
1036 3185 1183 3250 fortasse
1207 3196 1334 3271 posset,
1358 3185 1386 3250 si

173 3289 384 3354 Jansenistae
418 3288 544 3353 bullam
576 3289 828 3376 „Unigenitus“
859 3308 957 3373 quam
987 3289 1151 3373 rejiciunt,
1182 3289 1384 3374 exciperent.

174 3392 355 3457 Primatum
371 3393 522 3478 episcopi
537 3393 665 3456 romani
681 3399 884 3479 agnoscunt:
902 3390 1045 3477 quisquc
1062 3392 1242 3478 episcopus
1253 3400 1385 3456 creatus
1494 3451 1497 3460 .

173 3503 209 3561 et
232 3503 450 3560 consecratus
473 3495 627 3560 Pontifici
651 3497 796 3560 Maximo
820 3495 1037 3559 reverentiam
1061 3517 1154 3559 suam
1178 3506 1211 3559 et
1227 3494 1385 3560 obedien·

174 3599 253 3664 tiam
276 3599 423 3684 praebet.
468 3599 563 3684 Papa
590 3621 687 3675 vcrc,
709 3598 847 3685 repulsa
869 3597 1098 3676 observantia,
1128 3598 1249 3684 cuique
1272 3607 1385 3664 creato

173 3702 335 3788 episcopo
366 3701 509 3776 bullam,
542 3724 609 3789 qua
640 3700 940 3767 excommunicatio
970 3700 1138 3778 iudicitur,
1168 3701 1253 3765 mitti
1277 3701 1385 3786 jubet.

171 3805 308 3870 Mortuo
324 3804 443 3870 ultimo
465 3805 691 3870 Jansenistico
709 3807 882 3890 episcopo,
906 3803 964 3890 qni
980 3813 1130 3878 vocatur,
1151 3802 1385 3888 Ultrajcotino,

175 3907 233 3995 qui
248 3907 333 3974 diem
355 3928 544 3993 supremum
562 3929 651 3971 anno
677 3908 779 3985 1858,
802 3929 915 3972 mense
931 3906 1032 3987 lunii,
1057 3907 1148 3984 obiit,
1171 3906 1385 3972 Hendrickus

173 4011 281 4077 Locts
315 4031 335 4072 a
369 4009 517 4095 capitulo
555 4008 791 4098 Ultrajectino,
835 4011 927 4098 quod
965 4019 1120 4086 vocatur,
1160 4009 1285 4075 electus
1323 4019 1385 4075 est.

174 4114 326 4180 Schisma
341 4135 431 4188 vcro,
447 4123 485 4177 ut
500 4114 642 4191 videtur,
658 4136 741 4178 mcx·
752 4116 992 4202 exstinguetur.
1036 4112 1120 4177 Nam
1139 4112 1383 4178 haereticorum

172 4238 328 4283 numerus
345 4227 378 4280 et
393 4237 511 4303 agmen
533 4219 637 4303 magis
661 4218 832 4304 magisque
854 4219 1038 4282 minoratur
1053 4224 1154 4304 atque
1169 4217 1383 4285 imminuitur.

173 4320 283 4402 Quum
312 4319 521 4397 Janseniani,
557 4331 595 4384 ut
625 4322 917 4406 congregationem
948 4340 1041 4384 suam
1066 4321 1136 4406 jam
1168 4317 1384 4398 debilitatam,

173 4425 337 4500 vitiatam,
364 4422 567 4486 imminutam
597 4424 778 4488 cohibeant
806 4435 906 4511 atque
930 4431 1146 4498 conservent,
1176 4424 1384 4489 matrimonia

173 4525 383 4592 solummodo
416 4528 503 4590 intra
537 4537 648 4592 sectae
681 4528 825 4592 ambitus
858 4538 891 4591 et
923 4525 1005 4590 fines
1035 4525 1190 4590 contrahi
1220 4549 1282 4592 nec
1306 4549 1379 4592 cum
