<?xml version="1.0" encoding="UTF-8"?>
<!DOCTYPE html PUBLIC "-//W3C//DTD XHTML 1.0 Transitional//EN"
    "http://www.w3.org/TR/xhtml1/DTD/xhtml1-transitional.dtd">
<html xmlns="http://www.w3.org/1999/xhtml" xml:lang="en" lang="en">
 <head>
  <title>
</title>
<meta http-equiv="Content-Type" content="text/html;charset=utf-8" />
  <meta name='ocr-system' content='tesseract 3.04.00' />
  <meta name='ocr-capabilities' content='ocr_page ocr_carea ocr_par ocr_line ocrx_word'/>
</head>
<body>
  <div class='ocr_page' id='page_1' title='image "./dejansenismiori00kleigoog_0103.png"; bbox 0 0 3050 5046; ppageno 0'>
   <div class='ocr_carea' id='block_1_1' title="bbox 782 319 823 385">
    <p class='ocr_par' dir='ltr' id='par_1_1' title="bbox 782 319 823 385">
     <span class='ocr_line' id='line_1_1' title="bbox 782 319 823 385; baseline 0 0"><span class='ocrx_word' id='word_1_1' title='bbox 782 319 823 385; x_wconf 80' lang='lat'>94</span> 
     </span>
    </p>
   </div>
   <div class='ocr_carea' id='block_1_2' title="bbox 698 409 899 420">
    <p class='ocr_par' dir='ltr' id='par_1_2' title="bbox 698 409 899 420">
     <span class='ocr_line' id='line_1_2' title="bbox 698 409 899 420; baseline 0 -2"><span class='ocrx_word' id='word_1_2' title='bbox 698 409 899 420; x_wconf 51' lang='lat'>*—</span> 
     </span>
    </p>
   </div>
   <div class='ocr_carea' id='block_1_3' title="bbox 191 521 1495 2160">
    <p class='ocr_par' dir='ltr' id='par_1_3' title="bbox 191 521 1495 2160">
     <span class='ocr_line' id='line_1_3' title="bbox 197 521 1406 613; baseline 0.005 -25"><span class='ocrx_word' id='word_1_3' title='bbox 197 530 357 599; x_wconf 74' lang='lat' dir='ltr'>naturam</span> <span class='ocrx_word' id='word_1_4' title='bbox 388 521 610 589; x_wconf 79' lang='lat' dir='ltr'><strong>dubitantium</strong></span> <span class='ocrx_word' id='word_1_5' title='bbox 635 521 741 588; x_wconf 90' lang='lat' dir='ltr'>choro</span> <span class='ocrx_word' id='word_1_6' title='bbox 765 545 840 590; x_wconf 89' lang='lat' dir='ltr'>sese</span> <span class='ocrx_word' id='word_1_7' title='bbox 862 523 1024 613; x_wconf 87' lang='lat' dir='ltr'>adjungit.</span> <span class='ocrx_word' id='word_1_8' title='bbox 1067 526 1213 592; x_wconf 85' lang='lat' dir='ltr'>Tantum</span> <span class='ocrx_word' id='word_1_9' title='bbox 1236 528 1344 605; x_wconf 88' lang='lat' dir='ltr'>abest,</span> <span class='ocrx_word' id='word_1_10' title='bbox 1369 537 1406 594; x_wconf 92' lang='lat' dir='ltr'>ut</span> 
     </span>
     <span class='ocr_line' id='line_1_4' title="bbox 196 625 1405 713; baseline 0.002 -20"><span class='ocrx_word' id='word_1_11' title='bbox 196 626 351 694; x_wconf 87' lang='lat' dir='ltr'>columna</span> <span class='ocrx_word' id='word_1_12' title='bbox 367 626 411 691; x_wconf 91' lang='lat' dir='ltr'>sit</span> <span class='ocrx_word' id='word_1_13' title='bbox 425 626 576 692; x_wconf 90' lang='lat' dir='ltr'>veritatis</span> <span class='ocrx_word' id='word_1_14' title='bbox 594 625 697 712; x_wconf 89' lang='lat' dir='ltr'>prima</span> <span class='ocrx_word' id='word_1_15' title='bbox 712 637 814 713; x_wconf 90' lang='lat' dir='ltr'>atque</span> <span class='ocrx_word' id='word_1_16' title='bbox 829 626 1017 704; x_wconf 79' lang='lat' dir='ltr'>immobilia,</span> <span class='ocrx_word' id='word_1_17' title='bbox 1040 637 1078 694; x_wconf 95' lang='lat' dir='ltr'>ut</span> <span class='ocrx_word' id='word_1_18' title='bbox 1091 627 1255 694; x_wconf 90' lang='lat' dir='ltr'>hactenus</span> <span class='ocrx_word' id='word_1_19' title='bbox 1270 629 1405 696; x_wconf 86' lang='lat' dir='ltr'>definire</span> 
     </span>
     <span class='ocr_line' id='line_1_5' title="bbox 197 727 1404 817; baseline 0.003 -23"><span class='ocrx_word' id='word_1_20' title='bbox 197 729 377 817; x_wconf 91' lang='lat' dir='ltr'>quicquam</span> <span class='ocrx_word' id='word_1_21' title='bbox 399 750 501 794; x_wconf 90' lang='lat' dir='ltr'>ausus</span> <span class='ocrx_word' id='word_1_22' title='bbox 522 751 591 793; x_wconf 93' lang='lat' dir='ltr'>non</span> <span class='ocrx_word' id='word_1_23' title='bbox 613 727 720 794; x_wconf 86' lang='lat' dir='ltr'>fuerit.</span> <span class='ocrx_word' id='word_1_24' title='bbox 765 731 889 816; x_wconf 85' lang='lat' dir='ltr'><strong>Aperta</strong></span> <span class='ocrx_word' id='word_1_25' title='bbox 909 730 1005 795; x_wconf 91' lang='lat' dir='ltr'>nimis</span> <span class='ocrx_word' id='word_1_26' title='bbox 1028 741 1080 796; x_wconf 87' lang='lat' dir='ltr'>est</span> <span class='ocrx_word' id='word_1_27' title='bbox 1095 731 1296 798; x_wconf 87' lang='lat' dir='ltr'>Jesuitarum</span> <span class='ocrx_word' id='word_1_28' title='bbox 1311 733 1404 799; x_wconf 86' lang='lat' dir='ltr'>falsi·</span> 
     </span>
     <span class='ocr_line' id='line_1_6' title="bbox 195 831 1403 920; baseline 0.003 -22"><span class='ocrx_word' id='word_1_29' title='bbox 195 844 257 898; x_wconf 91' lang='lat' dir='ltr'>tas.</span> <span class='ocrx_word' id='word_1_30' title='bbox 303 831 458 897; x_wconf 85' lang='lat' dir='ltr'>Vicissim</span> <span class='ocrx_word' id='word_1_31' title='bbox 479 831 615 907; x_wconf 90' lang='lat' dir='ltr'>multos,</span> <span class='ocrx_word' id='word_1_32' title='bbox 640 853 768 919; x_wconf 89' lang='lat' dir='ltr'>eosque</span> <span class='ocrx_word' id='word_1_33' title='bbox 783 833 1000 920; x_wconf 87' lang='lat' dir='ltr'>gravissimos</span> <span class='ocrx_word' id='word_1_34' title='bbox 1014 833 1162 920; x_wconf 89' lang='lat' dir='ltr'>Papatus</span> <span class='ocrx_word' id='word_1_35' title='bbox 1179 857 1309 902; x_wconf 86' lang='lat' dir='ltr'>errores</span> <span class='ocrx_word' id='word_1_36' title='bbox 1324 837 1403 902; x_wconf 89' lang='lat' dir='ltr'>Jan-</span> 
     </span>
     <span class='ocr_line' id='line_1_7' title="bbox 196 934 1404 1026; baseline 0.002 -25"><span class='ocrx_word' id='word_1_37' title='bbox 196 935 395 1001; x_wconf 89' lang='lat' dir='ltr'>senistarum</span> <span class='ocrx_word' id='word_1_38' title='bbox 417 935 540 1000; x_wconf 87' lang='lat' dir='ltr'>veritas</span> <span class='ocrx_word' id='word_1_39' title='bbox 562 934 742 1022; x_wconf 79' lang='lat' dir='ltr'>redarguit.</span> <span class='ocrx_word' id='word_1_40' title='bbox 786 935 890 1024; x_wconf 87' lang='lat' dir='ltr'>Nigra</span> <span class='ocrx_word' id='word_1_41' title='bbox 911 945 945 1001; x_wconf 91' lang='lat' dir='ltr'>et</span> <span class='ocrx_word' id='word_1_42' title='bbox 958 936 1059 1012; x_wconf 89' lang='lat' dir='ltr'>lenta,</span> <span class='ocrx_word' id='word_1_43' title='bbox 1083 937 1236 1026; x_wconf 89' lang='lat' dir='ltr'>adeoque</span> <span class='ocrx_word' id='word_1_44' title='bbox 1251 939 1404 1006; x_wconf 83' lang='lat' dir='ltr'>lethifera</span> 
     </span>
     <span class='ocr_line' id='line_1_8' title="bbox 194 1038 1403 1129; baseline 0.002 -24"><span class='ocrx_word' id='word_1_45' title='bbox 194 1041 291 1105; x_wconf 85' lang='lat' dir='ltr'>tabes</span> <span class='ocrx_word' id='word_1_46' title='bbox 318 1050 370 1105; x_wconf 90' lang='lat' dir='ltr'>est</span> <span class='ocrx_word' id='word_1_47' title='bbox 395 1038 553 1125; x_wconf 90' lang='lat' dir='ltr'>Papatus‚</span> <span class='ocrx_word' id='word_1_48' title='bbox 585 1059 684 1125; x_wconf 90' lang='lat' dir='ltr'>quam</span> <span class='ocrx_word' id='word_1_49' title='bbox 716 1048 809 1104; x_wconf 87' lang='lat' dir='ltr'>extra</span> <span class='ocrx_word' id='word_1_50' title='bbox 835 1047 974 1104; x_wconf 88' lang='lat' dir='ltr'>mortem</span> <span class='ocrx_word' id='word_1_51' title='bbox 1004 1060 1124 1106; x_wconf 88' lang='lat' dir='ltr'>sanare</span> <span class='ocrx_word' id='word_1_52' title='bbox 1153 1063 1250 1106; x_wconf 88' lang='lat' dir='ltr'>nemo</span> <span class='ocrx_word' id='word_1_53' title='bbox 1280 1053 1403 1129; x_wconf 90' lang='lat' dir='ltr'>potest.</span> 
     </span>
     <span class='ocr_line' id='line_1_9' title="bbox 195 1139 1404 1230; baseline 0.003 -23"><span class='ocrx_word' id='word_1_54' title='bbox 195 1141 387 1208; x_wconf 81' lang='lat' dir='ltr'>Remedium</span> <span class='ocrx_word' id='word_1_55' title='bbox 410 1141 573 1227; x_wconf 88' lang='lat' dir='ltr'>promittit</span> <span class='ocrx_word' id='word_1_56' title='bbox 591 1141 763 1206; x_wconf 87' lang='lat' dir='ltr'>Romanus</span> <span class='ocrx_word' id='word_1_57' title='bbox 784 1141 926 1228; x_wconf 84' lang='lat' dir='ltr'>Apollo;</span> <span class='ocrx_word' id='word_1_58' title='bbox 950 1139 1011 1206; x_wconf 90' lang='lat' dir='ltr'>sed</span> <span class='ocrx_word' id='word_1_59' title='bbox 1032 1143 1124 1230; x_wconf 92' lang='lat' dir='ltr'>quod</span> <span class='ocrx_word' id='word_1_60' title='bbox 1141 1145 1251 1230; x_wconf 82' lang='lat' dir='ltr'>possit</span> <span class='ocrx_word' id='word_1_61' title='bbox 1266 1156 1300 1210; x_wconf 91' lang='lat' dir='ltr'>et</span> <span class='ocrx_word' id='word_1_62' title='bbox 1315 1146 1404 1224; x_wconf 88' lang='lat' dir='ltr'>velit,</span> 
     </span>
     <span class='ocr_line' id='line_1_10' title="bbox 193 1244 1404 1333; baseline 0.005 -26"><span class='ocrx_word' id='word_1_63' title='bbox 193 1245 249 1310; x_wconf 86' lang='lat' dir='ltr'>vel</span> <span class='ocrx_word' id='word_1_64' title='bbox 270 1254 398 1310; x_wconf 90' lang='lat' dir='ltr'>tentare</span> <span class='ocrx_word' id='word_1_65' title='bbox 414 1244 547 1326; x_wconf 83' lang='lat' dir='ltr'><strong>audeat,</strong></span> <span class='ocrx_word' id='word_1_66' title='bbox 569 1253 672 1332; x_wconf 91' lang='lat' dir='ltr'>prout</span> <span class='ocrx_word' id='word_1_67' title='bbox 687 1255 833 1331; x_wconf 81' lang='lat' dir='ltr'><strong>oportet,</strong></span> <span class='ocrx_word' id='word_1_68' title='bbox 855 1265 952 1310; x_wconf 87' lang='lat' dir='ltr'>nemo</span> <span class='ocrx_word' id='word_1_69' title='bbox 968 1244 1047 1310; x_wconf 92' lang='lat' dir='ltr'>mibi</span> <span class='ocrx_word' id='word_1_70' title='bbox 1063 1245 1162 1312; x_wconf 83' lang='lat' dir='ltr'>facile</span> <span class='ocrx_word' id='word_1_71' title='bbox 1177 1248 1404 1333; x_wconf 80' lang='lat' dir='ltr'>persuadebit.</span> 
     </span>
     <span class='ocr_line' id='line_1_11' title="bbox 194 1347 1405 1436; baseline 0.001 -21"><span class='ocrx_word' id='word_1_72' title='bbox 194 1349 272 1436; x_wconf 88' lang='lat' dir='ltr'>Ipse</span> <span class='ocrx_word' id='word_1_73' title='bbox 295 1347 373 1435; x_wconf 91' lang='lat' dir='ltr'>quia</span> <span class='ocrx_word' id='word_1_74' title='bbox 395 1348 549 1414; x_wconf 83' lang='lat' dir='ltr'>Divinam</span> <span class='ocrx_word' id='word_1_75' title='bbox 573 1348 718 1434; x_wconf 87' lang='lat' dir='ltr'>Spiritus</span> <span class='ocrx_word' id='word_1_76' title='bbox 747 1347 864 1413; x_wconf 82' lang='lat' dir='ltr'>Sancti</span> <span class='ocrx_word' id='word_1_77' title='bbox 885 1349 1126 1428; x_wconf 89' lang='lat' dir='ltr'>assistentiam,</span> <span class='ocrx_word' id='word_1_78' title='bbox 1150 1361 1251 1435; x_wconf 91' lang='lat' dir='ltr'>prout</span> <span class='ocrx_word' id='word_1_79' title='bbox 1272 1361 1405 1429; x_wconf 85' lang='lat' dir='ltr'>vocant,</span> 
     </span>
     <span class='ocr_line' id='line_1_12' title="bbox 195 1450 1404 1540; baseline 0.001 -24"><span class='ocrx_word' id='word_1_80' title='bbox 195 1450 343 1516; x_wconf 89' lang='lat' dir='ltr'>noudum</span> <span class='ocrx_word' id='word_1_81' title='bbox 374 1451 492 1528; x_wconf 85' lang='lat' dir='ltr'>sentit,</span> <span class='ocrx_word' id='word_1_82' title='bbox 528 1451 608 1540; x_wconf 87' lang='lat' dir='ltr'>quia</span> <span class='ocrx_word' id='word_1_83' title='bbox 643 1450 735 1515; x_wconf 90' lang='lat' dir='ltr'>dono</span> <span class='ocrx_word' id='word_1_84' title='bbox 771 1451 924 1517; x_wconf 91' lang='lat' dir='ltr'>medendi</span> <span class='ocrx_word' id='word_1_85' title='bbox 954 1451 1149 1518; x_wconf 86' lang='lat' dir='ltr'>destitutum</span> <span class='ocrx_word' id='word_1_86' title='bbox 1179 1476 1215 1517; x_wconf 89' lang='lat' dir='ltr'>se</span> <span class='ocrx_word' id='word_1_87' title='bbox 1243 1453 1404 1520; x_wconf 85' lang='lat' dir='ltr'>hactenus</span> 
     </span>
     <span class='ocr_line' id='line_1_13' title="bbox 197 1552 1406 1642; baseline 0.002 -22"><span class='ocrx_word' id='word_1_88' title='bbox 197 1554 305 1632; x_wconf 88' lang='lat' dir='ltr'>videt3</span> <span class='ocrx_word' id='word_1_89' title='bbox 330 1575 424 1619; x_wconf 90' lang='lat' dir='ltr'>orare</span> <span class='ocrx_word' id='word_1_90' title='bbox 445 1573 509 1639; x_wconf 93' lang='lat' dir='ltr'>pro</span> <span class='ocrx_word' id='word_1_91' title='bbox 531 1575 567 1618; x_wconf 90' lang='lat' dir='ltr'>se</span> <span class='ocrx_word' id='word_1_92' title='bbox 587 1552 726 1618; x_wconf 86' lang='lat' dir='ltr'>Romam</span> <span class='ocrx_word' id='word_1_93' title='bbox 743 1559 837 1642; x_wconf 80' lang='lat' dir='ltr'>(cocy</span> <span class='ocrx_word' id='word_1_94' title='bbox 859 1554 912 1619; x_wconf 85' lang='lat' dir='ltr'>fut</span> <span class='ocrx_word' id='word_1_95' title='bbox 925 1553 987 1618; x_wconf 86' lang='lat' dir='ltr'>fait</span> <span class='ocrx_word' id='word_1_96' title='bbox 1001 1555 1166 1641; x_wconf 84' lang='lat' dir='ltr'>quelques</span> <span class='ocrx_word' id='word_1_97' title='bbox 1181 1556 1266 1620; x_wconf 89' lang='lat' dir='ltr'>mois</span> <span class='ocrx_word' id='word_1_98' title='bbox 1281 1557 1406 1622; x_wconf 89' lang='lat' dir='ltr'>devant</span> 
     </span>
     <span class='ocr_line' id='line_1_14' title="bbox 195 1657 1405 1744; baseline 0.001 -21"><span class='ocrx_word' id='word_1_99' title='bbox 195 1657 228 1723; x_wconf 86' lang='lat' dir='ltr'>le</span> <span class='ocrx_word' id='word_1_100' title='bbox 250 1657 364 1724; x_wconf 89' lang='lat' dir='ltr'>decret</span> <span class='ocrx_word' id='word_1_101' title='bbox 383 1657 429 1722; x_wconf 94' lang='lat' dir='ltr'>du</span> <span class='ocrx_word' id='word_1_102' title='bbox 450 1677 548 1743; x_wconf 89' lang='lat' dir='ltr'>pape,</span> <span class='ocrx_word' id='word_1_103' title='bbox 570 1667 686 1723; x_wconf 89' lang='lat' dir='ltr'>contre</span> <span class='ocrx_word' id='word_1_104' title='bbox 706 1657 757 1724; x_wconf 87' lang='lat' dir='ltr'>las</span> <span class='ocrx_word' id='word_1_105' title='bbox 779 1658 857 1744; x_wconf 91' lang='lat' dir='ltr'>cinq</span> <span class='ocrx_word' id='word_1_106' title='bbox 878 1659 1129 1744; x_wconf 89' lang='lat' dir='ltr'>propositiones</span> <span class='ocrx_word' id='word_1_107' title='bbox 1151 1659 1192 1724; x_wconf 89' lang='lat' dir='ltr'>de</span> <span class='ocrx_word' id='word_1_108' title='bbox 1211 1659 1405 1742; x_wconf 82' lang='lat' dir='ltr'>lansenius)</span> 
     </span>
     <span class='ocr_line' id='line_1_15' title="bbox 191 1759 1494 1848; baseline -0.003 -22"><span class='ocrx_word' id='word_1_109' title='bbox 191 1761 305 1848; x_wconf 86' lang='lat' dir='ltr'>jubet:</span> <span class='ocrx_word' id='word_1_110' title='bbox 328 1781 396 1848; x_wconf 93' lang='lat' dir='ltr'>quo</span> <span class='ocrx_word' id='word_1_111' title='bbox 419 1759 552 1847; x_wconf 88' lang='lat' dir='ltr'>quidem</span> <span class='ocrx_word' id='word_1_112' title='bbox 574 1769 608 1825; x_wconf 88' lang='lat' dir='ltr'>et</span> <span class='ocrx_word' id='word_1_113' title='bbox 627 1782 720 1826; x_wconf 89' lang='lat' dir='ltr'>suam</span> <span class='ocrx_word' id='word_1_114' title='bbox 742 1771 775 1826; x_wconf 90' lang='lat' dir='ltr'>et</span> <span class='ocrx_word' id='word_1_115' title='bbox 796 1760 936 1828; x_wconf 76' lang='lat' dir='ltr'>Consilii</span> <span class='ocrx_word' id='word_1_116' title='bbox 957 1761 1144 1827; x_wconf 84' lang='lat' dir='ltr'>Tridentini</span> <span class='ocrx_word' id='word_1_117' title='bbox 1158 1761 1404 1844; x_wconf 85' lang='lat' dir='ltr'>fallibilitatem,</span> <span class='ocrx_word' id='word_1_118' title='bbox 1493 1791 1494 1822; x_wconf 79' lang='lat' dir='ltr'>t</span> 
     </span>
     <span class='ocr_line' id='line_1_16' title="bbox 199 1862 1479 1951; baseline 0 -21"><span class='ocrx_word' id='word_1_119' title='bbox 199 1863 288 1930; x_wconf 86' lang='lat' dir='ltr'>clare</span> <span class='ocrx_word' id='word_1_120' title='bbox 310 1863 487 1951; x_wconf 82' lang='lat' dir='ltr'>patefacit3</span> <span class='ocrx_word' id='word_1_121' title='bbox 509 1862 594 1928; x_wconf 90' lang='lat' dir='ltr'>illud</span> <span class='ocrx_word' id='word_1_122' title='bbox 614 1863 753 1950; x_wconf 87' lang='lat' dir='ltr'>insuper</span> <span class='ocrx_word' id='word_1_123' title='bbox 772 1863 959 1929; x_wconf 83' lang='lat' dir='ltr'>Concilium</span> <span class='ocrx_word' id='word_1_124' title='bbox 980 1864 1083 1930; x_wconf 91' lang='lat' dir='ltr'>errori</span> <span class='ocrx_word' id='word_1_125' title='bbox 1100 1865 1292 1947; x_wconf 84' lang='lat' dir='ltr'>obnoxium,</span> <span class='ocrx_word' id='word_1_126' title='bbox 1317 1875 1404 1932; x_wconf 89' lang='lat' dir='ltr'>certe</span> <span class='ocrx_word' id='word_1_127' title='bbox 1476 1891 1479 1905; x_wconf 93' lang='lat'><em>·</em></span> 
     </span>
     <span class='ocr_line' id='line_1_17' title="bbox 197 1967 1495 2055; baseline -0.001 -22"><span class='ocrx_word' id='word_1_128' title='bbox 197 1968 399 2055; x_wconf 86' lang='lat' dir='ltr'>ambiguum,</span> <span class='ocrx_word' id='word_1_129' title='bbox 422 1989 461 2032; x_wconf 87' lang='lat' dir='ltr'>ac</span> <span class='ocrx_word' id='word_1_130' title='bbox 488 1967 668 2032; x_wconf 87' lang='lat' dir='ltr'>obscurum</span> <span class='ocrx_word' id='word_1_131' title='bbox 693 1967 812 2033; x_wconf 89' lang='lat' dir='ltr'>reddit.</span> <span class='ocrx_word' id='word_1_132' title='bbox 862 1967 1029 2054; x_wconf 81' lang='lat' dir='ltr'>Suspecta</span> <span class='ocrx_word' id='word_1_133' title='bbox 1051 1977 1130 2032; x_wconf 90' lang='lat' dir='ltr'>sunt</span> <span class='ocrx_word' id='word_1_134' title='bbox 1149 1967 1261 2054; x_wconf 86' lang='lat' dir='ltr'>Papae</span> <span class='ocrx_word' id='word_1_135' title='bbox 1283 1970 1403 2047; x_wconf 91' lang='lat' dir='ltr'>omnia,</span> <span class='ocrx_word' id='word_1_136' title='bbox 1494 1971 1495 2040; x_wconf 81' lang='lat' dir='ltr'>l</span> 
     </span>
     <span class='ocr_line' id='line_1_18' title="bbox 199 2070 1402 2160; baseline -0.002 -23"><span class='ocrx_word' id='word_1_137' title='bbox 199 2071 342 2158; x_wconf 85' lang='lat' dir='ltr'>proinde</span> <span class='ocrx_word' id='word_1_138' title='bbox 358 2080 391 2137; x_wconf 90' lang='lat' dir='ltr'>et</span> <span class='ocrx_word' id='word_1_139' title='bbox 406 2070 516 2156; x_wconf 90' lang='lat' dir='ltr'>ampla</span> <span class='ocrx_word' id='word_1_140' title='bbox 532 2079 565 2136; x_wconf 92' lang='lat' dir='ltr'>et</span> <span class='ocrx_word' id='word_1_141' title='bbox 580 2080 696 2157; x_wconf 90' lang='lat' dir='ltr'>aperta</span> <span class='ocrx_word' id='word_1_142' title='bbox 709 2070 901 2157; x_wconf 80' lang='lat' dir='ltr'>Scripturas</span> <span class='ocrx_word' id='word_1_143' title='bbox 917 2071 1030 2147; x_wconf 86' lang='lat' dir='ltr'>verba,</span> <span class='ocrx_word' id='word_1_144' title='bbox 1048 2079 1081 2136; x_wconf 91' lang='lat' dir='ltr'>et</span> <span class='ocrx_word' id='word_1_145' title='bbox 1095 2071 1306 2150; x_wconf 84' lang='lat' dir='ltr'>universalis,</span> <span class='ocrx_word' id='word_1_146' title='bbox 1322 2071 1402 2160; x_wconf 85' lang='lat' dir='ltr'>legi-</span> 
     </span>
    </p>
   </div>
   <div class='ocr_carea' id='block_1_4' title="bbox 74 2174 1497 2460">
    <p class='ocr_par' dir='ltr' id='par_1_4' title="bbox 74 2174 1497 2460">
     <span class='ocr_line' id='line_1_19' title="bbox 197 2174 1496 2262; baseline -0.001 -21"><span class='ocrx_word' id='word_1_147' title='bbox 197 2176 277 2255; x_wconf 87' lang='lat' dir='ltr'>timi,</span> <span class='ocrx_word' id='word_1_148' title='bbox 299 2197 338 2240; x_wconf 88' lang='lat' dir='ltr'>ae</span> <span class='ocrx_word' id='word_1_149' title='bbox 353 2174 448 2240; x_wconf 90' lang='lat' dir='ltr'>liberi</span> <span class='ocrx_word' id='word_1_150' title='bbox 465 2174 606 2240; x_wconf 90' lang='lat' dir='ltr'>Concilii</span> <span class='ocrx_word' id='word_1_151' title='bbox 626 2174 823 2238; x_wconf 82' lang='lat' dir='ltr'>sententiam</span> <span class='ocrx_word' id='word_1_152' title='bbox 839 2174 963 2252; x_wconf 89' lang='lat' dir='ltr'>horret,</span> <span class='ocrx_word' id='word_1_153' title='bbox 987 2182 1234 2262; x_wconf 87' lang='lat' dir='ltr'>proptereaque</span> <span class='ocrx_word' id='word_1_154' title='bbox 1250 2175 1403 2261; x_wconf 87' lang='lat' dir='ltr'>privatim</span> <span class='ocrx_word' id='word_1_155' title='bbox 1495 2185 1496 2192; x_wconf 77' lang='grc'>’</span> 
     </span>
     <span class='ocr_line' id='line_1_20' title="bbox 74 2277 1403 2367; baseline -0.003 -21"><span class='ocrx_word' id='word_1_156' title='bbox 74 2301 78 2310; x_wconf 89' lang='grc'>’</span> <span class='ocrx_word' id='word_1_157' title='bbox 194 2301 248 2346; x_wconf 88' lang='lat' dir='ltr'>res</span> <span class='ocrx_word' id='word_1_158' title='bbox 270 2280 394 2367; x_wconf 87' lang='lat' dir='ltr'>agitur:</span> <span class='ocrx_word' id='word_1_159' title='bbox 422 2287 549 2344; x_wconf 91' lang='lat' dir='ltr'>tantum</span> <span class='ocrx_word' id='word_1_160' title='bbox 569 2279 675 2355; x_wconf 80' lang='lat' dir='ltr'>abest,</span> <span class='ocrx_word' id='word_1_161' title='bbox 700 2287 739 2343; x_wconf 89' lang='lat' dir='ltr'>ut</span> <span class='ocrx_word' id='word_1_162' title='bbox 759 2277 859 2342; x_wconf 90' lang='lat' dir='ltr'>ullam</span> <span class='ocrx_word' id='word_1_163' title='bbox 880 2278 1104 2364; x_wconf 86' lang='lat' dir='ltr'>antiquorum,</span> <span class='ocrx_word' id='word_1_164' title='bbox 1127 2288 1161 2343; x_wconf 86' lang='lat' dir='ltr'>et</span> <span class='ocrx_word' id='word_1_165' title='bbox 1182 2278 1403 2366; x_wconf 89' lang='lat' dir='ltr'>legitimorum</span> 
     </span>
     <span class='ocr_line' id='line_1_21' title="bbox 194 2379 1497 2460; baseline -0.001 -12"><span class='ocrx_word' id='word_1_166' title='bbox 194 2380 424 2448; x_wconf 89' lang='lat' dir='ltr'>Couciliorum</span> <span class='ocrx_word' id='word_1_167' title='bbox 453 2381 631 2458; x_wconf 84' lang='lat' dir='ltr'>rationem,</span> <span class='ocrx_word' id='word_1_168' title='bbox 666 2381 700 2444; x_wconf 91' lang='lat' dir='ltr'>in</span> <span class='ocrx_word' id='word_1_169' title='bbox 735 2402 771 2444; x_wconf 91' lang='lat' dir='ltr'>re</span> <span class='ocrx_word' id='word_1_170' title='bbox 806 2390 870 2444; x_wconf 90' lang='lat' dir='ltr'>tam</span> <span class='ocrx_word' id='word_1_171' title='bbox 908 2379 1035 2444; x_wconf 84' lang='lat' dir='ltr'>difficili</span> <span class='ocrx_word' id='word_1_172' title='bbox 1069 2381 1220 2445; x_wconf 87' lang='lat' dir='ltr'>retineat.</span> <span class='ocrx_word' id='word_1_173' title='bbox 1280 2379 1402 2460; x_wconf 87' lang='lat' dir='ltr'>Quem·</span> <span class='ocrx_word' id='word_1_174' title='bbox 1496 2403 1497 2416; x_wconf 61' lang='lat'>¹</span> 
     </span>
    </p>
   </div>
   <div class='ocr_carea' id='block_1_5' title="bbox 196 2474 1403 2572">
    <p class='ocr_par' dir='ltr' id='par_1_5' title="bbox 196 2474 1403 2572">
     <span class='ocr_line' id='line_1_22' title="bbox 196 2474 1403 2572; baseline -0.002 -20"><span class='ocrx_word' id='word_1_175' title='bbox 196 2486 375 2552; x_wconf 83' lang='lat' dir='ltr'>admodum</span> <span class='ocrx_word' id='word_1_176' title='bbox 401 2486 501 2572; x_wconf 89' lang='lat' dir='ltr'>igitur</span> <span class='ocrx_word' id='word_1_177' title='bbox 522 2506 585 2550; x_wconf 92' lang='lat' dir='ltr'>nos</span> <span class='ocrx_word' id='word_1_178' title='bbox 607 2482 810 2557; x_wconf 87' lang='lat' dir='ltr'>Orthodoxi,</span> <span class='ocrx_word' id='word_1_179' title='bbox 834 2474 947 2569; x_wconf 88' lang='lat' dir='ltr'>primis</span> <span class='ocrx_word' id='word_1_180' title='bbox 968 2482 1046 2562; x_wconf 84' lang='lat' dir='ltr'>iltis,</span> <span class='ocrx_word' id='word_1_181' title='bbox 1067 2482 1293 2571; x_wconf 84' lang='lat' dir='ltr'>legitimisque</span> <span class='ocrx_word' id='word_1_182' title='bbox 1314 2485 1403 2550; x_wconf 89' lang='lat' dir='ltr'>Con·</span> 
     </span>
    </p>
   </div>
   <div class='ocr_carea' id='block_1_6' title="bbox 195 2585 1498 2672">
    <p class='ocr_par' dir='ltr' id='par_1_6' title="bbox 195 2585 1498 2672">
     <span class='ocr_line' id='line_1_23' title="bbox 195 2585 1498 2672; baseline -0.002 -17"><span class='ocrx_word' id='word_1_183' title='bbox 195 2589 280 2655; x_wconf 92' lang='lat' dir='ltr'>ciliis</span> <span class='ocrx_word' id='word_1_184' title='bbox 307 2588 549 2654; x_wconf 86' lang='lat' dir='ltr'>subscribimus</span> <span class='ocrx_word' id='word_1_185' title='bbox 574 2587 664 2653; x_wconf 91' lang='lat' dir='ltr'>ultro</span> <span class='ocrx_word' id='word_1_186' title='bbox 691 2607 731 2650; x_wconf 89' lang='lat' dir='ltr'>ac</span> <span class='ocrx_word' id='word_1_187' title='bbox 753 2586 970 2664; x_wconf 76' lang='lat' dir='ltr'>assentimur;</span> <span class='ocrx_word' id='word_1_188' title='bbox 996 2587 1042 2650; x_wconf 89' lang='lat' dir='ltr'>ita</span> <span class='ocrx_word' id='word_1_189' title='bbox 1061 2607 1081 2650; x_wconf 88' lang='lat' dir='ltr'>a</span> <span class='ocrx_word' id='word_1_190' title='bbox 1102 2585 1287 2672; x_wconf 88' lang='lat' dir='ltr'>Papalibus</span> <span class='ocrx_word' id='word_1_191' title='bbox 1309 2586 1403 2652; x_wconf 90' lang='lat' dir='ltr'>hisce</span> <span class='ocrx_word' id='word_1_192' title='bbox 1497 2657 1498 2662; x_wconf 39' lang='lat'>.</span> 
     </span>
    </p>
   </div>
   <div class='ocr_carea' id='block_1_7' title="bbox 191 2690 1403 4656">
    <p class='ocr_par' dir='ltr' id='par_1_7' title="bbox 191 2690 1403 4656">
     <span class='ocr_line' id='line_1_24' title="bbox 196 2690 1402 2778; baseline -0.002 -19"><span class='ocrx_word' id='word_1_193' title='bbox 196 2693 294 2759; x_wconf 90' lang='lat' dir='ltr'>unice</span> <span class='ocrx_word' id='word_1_194' title='bbox 315 2693 533 2758; x_wconf 86' lang='lat' dir='ltr'>abhorremus</span> <span class='ocrx_word' id='word_1_195' title='bbox 555 2700 657 2778; x_wconf 90' lang='lat' dir='ltr'>atque</span> <span class='ocrx_word' id='word_1_196' title='bbox 679 2690 903 2755; x_wconf 89' lang='lat' dir='ltr'>dissentimus.</span> <span class='ocrx_word' id='word_1_197' title='bbox 950 2690 1076 2755; x_wconf 87' lang='lat' dir='ltr'>Crescit</span> <span class='ocrx_word' id='word_1_198' title='bbox 1096 2690 1129 2753; x_wconf 90' lang='lat' dir='ltr'>in</span> <span class='ocrx_word' id='word_1_199' title='bbox 1147 2690 1218 2755; x_wconf 86' lang='lat' dir='ltr'>dies</span> <span class='ocrx_word' id='word_1_200' title='bbox 1234 2690 1402 2756; x_wconf 88' lang='lat' dir='ltr'>acerbius·</span> 
     </span>
     <span class='ocr_line' id='line_1_25' title="bbox 197 2792 1403 2885; baseline -0.003 -23"><span class='ocrx_word' id='word_1_201' title='bbox 197 2819 264 2885; x_wconf 92' lang='lat' dir='ltr'>que</span> <span class='ocrx_word' id='word_1_202' title='bbox 278 2797 324 2877; x_wconf 86' lang='lat' dir='ltr'>fit,</span> <span class='ocrx_word' id='word_1_203' title='bbox 348 2804 382 2862; x_wconf 92' lang='lat' dir='ltr'>et</span> <span class='ocrx_word' id='word_1_204' title='bbox 403 2795 536 2882; x_wconf 86' lang='lat' dir='ltr'>quidem</span> <span class='ocrx_word' id='word_1_205' title='bbox 558 2793 700 2860; x_wconf 87' lang='lat' dir='ltr'>diversis</span> <span class='ocrx_word' id='word_1_206' title='bbox 721 2796 754 2858; x_wconf 92' lang='lat' dir='ltr'>in</span> <span class='ocrx_word' id='word_1_207' title='bbox 770 2793 855 2858; x_wconf 88' lang='lat' dir='ltr'>locis</span> <span class='ocrx_word' id='word_1_208' title='bbox 870 2792 998 2879; x_wconf 90' lang='lat' dir='ltr'>Papale</span> <span class='ocrx_word' id='word_1_209' title='bbox 1012 2792 1080 2858; x_wconf 92' lang='lat' dir='ltr'>hoc</span> <span class='ocrx_word' id='word_1_210' title='bbox 1096 2792 1229 2873; x_wconf 90' lang='lat' dir='ltr'>bellum,</span> <span class='ocrx_word' id='word_1_211' title='bbox 1252 2793 1403 2881; x_wconf 89' lang='lat' dir='ltr'>quotidie</span> 
     </span>
     <span class='ocr_line' id='line_1_26' title="bbox 196 2895 1400 2986; baseline -0.006 -18"><span class='ocrx_word' id='word_1_212' title='bbox 196 2899 261 2968; x_wconf 84' lang='lat' dir='ltr'>alia</span> <span class='ocrx_word' id='word_1_213' title='bbox 282 2899 361 2964; x_wconf 90' lang='lat' dir='ltr'>huic</span> <span class='ocrx_word' id='word_1_214' title='bbox 376 2899 590 2986; x_wconf 90' lang='lat' dir='ltr'>implicantur</span> <span class='ocrx_word' id='word_1_215' title='bbox 605 2898 726 2984; x_wconf 86' lang='lat' dir='ltr'>capita,</span> <span class='ocrx_word' id='word_1_216' title='bbox 742 2896 922 2984; x_wconf 87' lang='lat' dir='ltr'>dequibus</span> <span class='ocrx_word' id='word_1_217' title='bbox 932 2897 1001 2984; x_wconf 87' lang='lat' dir='ltr'>jam</span> <span class='ocrx_word' id='word_1_218' title='bbox 1018 2895 1115 2961; x_wconf 88' lang='lat' dir='ltr'>simul</span> <span class='ocrx_word' id='word_1_219' title='bbox 1131 2897 1400 2962; x_wconf 88' lang='lat' dir='ltr'>controvertitur.</span> 
     </span>
     <span class='ocr_line' id='line_1_27' title="bbox 195 2999 1401 3088; baseline -0.004 -20"><span class='ocrx_word' id='word_1_220' title='bbox 195 3002 295 3069; x_wconf 87' lang='lat' dir='ltr'>Multi</span> <span class='ocrx_word' id='word_1_221' title='bbox 316 3002 463 3068; x_wconf 87' lang='lat' dir='ltr'>codicilli</span> <span class='ocrx_word' id='word_1_222' title='bbox 482 3001 515 3067; x_wconf 92' lang='lat' dir='ltr'>in</span> <span class='ocrx_word' id='word_1_223' title='bbox 538 3000 649 3088; x_wconf 91' lang='lat' dir='ltr'>gallia,</span> <span class='ocrx_word' id='word_1_224' title='bbox 670 2999 828 3087; x_wconf 82' lang='lat' dir='ltr'>pasquilli</span> <span class='ocrx_word' id='word_1_225' title='bbox 848 2999 926 3064; x_wconf 91' lang='lat' dir='ltr'>item</span> <span class='ocrx_word' id='word_1_226' title='bbox 942 2999 1087 3080; x_wconf 88' lang='lat' dir='ltr'>diversa,</span> <span class='ocrx_word' id='word_1_227' title='bbox 1108 3021 1289 3086; x_wconf 89' lang='lat' dir='ltr'>crassaque</span> <span class='ocrx_word' id='word_1_228' title='bbox 1304 2999 1401 3064; x_wconf 91' lang='lat' dir='ltr'>voln-</span> 
     </span>
     <span class='ocr_line' id='line_1_28' title="bbox 192 3101 1400 3193; baseline -0.005 -21"><span class='ocrx_word' id='word_1_229' title='bbox 192 3108 280 3172; x_wconf 91' lang='lat' dir='ltr'>mina</span> <span class='ocrx_word' id='word_1_230' title='bbox 310 3107 487 3193; x_wconf 88' lang='lat' dir='ltr'>utrimque,</span> <span class='ocrx_word' id='word_1_231' title='bbox 517 3114 551 3170; x_wconf 93' lang='lat' dir='ltr'>et</span> <span class='ocrx_word' id='word_1_232' title='bbox 580 3126 622 3168; x_wconf 88' lang='lat' dir='ltr'>ex</span> <span class='ocrx_word' id='word_1_233' title='bbox 646 3103 701 3170; x_wconf 92' lang='lat' dir='ltr'>his</span> <span class='ocrx_word' id='word_1_234' title='bbox 731 3103 943 3169; x_wconf 89' lang='lat' dir='ltr'>acerbissima</span> <span class='ocrx_word' id='word_1_235' title='bbox 969 3101 1131 3188; x_wconf 86' lang='lat' dir='ltr'>quaedam</span> <span class='ocrx_word' id='word_1_236' title='bbox 1156 3125 1176 3167; x_wconf 91' lang='lat' dir='ltr'>a</span> <span class='ocrx_word' id='word_1_237' title='bbox 1200 3101 1400 3168; x_wconf 88' lang='lat' dir='ltr'>Jesuitarum</span> 
     </span>
     <span class='ocr_line' id='line_1_29' title="bbox 194 3205 1400 3298; baseline -0.005 -22"><span class='ocrx_word' id='word_1_238' title='bbox 194 3220 288 3298; x_wconf 87' lang='lat' dir='ltr'>parte</span> <span class='ocrx_word' id='word_1_239' title='bbox 303 3219 383 3275; x_wconf 86' lang='lat' dir='ltr'>sunt</span> <span class='ocrx_word' id='word_1_240' title='bbox 402 3208 542 3296; x_wconf 85' lang='lat' dir='ltr'>scripta;</span> <span class='ocrx_word' id='word_1_241' title='bbox 566 3229 645 3294; x_wconf 88' lang='lat' dir='ltr'>pars</span> <span class='ocrx_word' id='word_1_242' title='bbox 660 3207 776 3282; x_wconf 89' lang='lat' dir='ltr'>altera,</span> <span class='ocrx_word' id='word_1_243' title='bbox 799 3205 934 3271; x_wconf 87' lang='lat' dir='ltr'>alteram</span> <span class='ocrx_word' id='word_1_244' title='bbox 950 3205 1118 3291; x_wconf 89' lang='lat' dir='ltr'>reprobat,</span> <span class='ocrx_word' id='word_1_245' title='bbox 1140 3213 1242 3292; x_wconf 88' lang='lat' dir='ltr'>atque</span> <span class='ocrx_word' id='word_1_246' title='bbox 1256 3208 1400 3292; x_wconf 87' lang='lat' dir='ltr'>Aposta-</span> 
     </span>
     <span class='ocr_line' id='line_1_30' title="bbox 193 3308 1401 3400; baseline -0.007 -19"><span class='ocrx_word' id='word_1_247' title='bbox 193 3315 290 3382; x_wconf 85' lang='lat' dir='ltr'>ticam</span> <span class='ocrx_word' id='word_1_248' title='bbox 312 3315 416 3380; x_wconf 85' lang='lat' dir='ltr'>libere</span> <span class='ocrx_word' id='word_1_249' title='bbox 438 3312 648 3400; x_wconf 83' lang='lat' dir='ltr'>pronunciat.</span> <span class='ocrx_word' id='word_1_250' title='bbox 691 3309 796 3374; x_wconf 89' lang='lat' dir='ltr'>Sicuti</span> <span class='ocrx_word' id='word_1_251' title='bbox 817 3330 897 3373; x_wconf 91' lang='lat' dir='ltr'>vero</span> <span class='ocrx_word' id='word_1_252' title='bbox 918 3308 1101 3385; x_wconf 74' lang='lat' dir='ltr'>pontificii,</span> <span class='ocrx_word' id='word_1_253' title='bbox 1124 3308 1232 3388; x_wconf 89' lang='lat' dir='ltr'>nobis,</span> <span class='ocrx_word' id='word_1_254' title='bbox 1259 3309 1401 3397; x_wconf 90' lang='lat' dir='ltr'>aliisque</span> 
     </span>
     <span class='ocr_line' id='line_1_31' title="bbox 195 3410 1401 3502; baseline -0.007 -18"><span class='ocrx_word' id='word_1_255' title='bbox 195 3419 364 3496; x_wconf 89' lang='lat' dir='ltr'>exclusiis,</span> <span class='ocrx_word' id='word_1_256' title='bbox 387 3438 423 3481; x_wconf 91' lang='lat' dir='ltr'>se</span> <span class='ocrx_word' id='word_1_257' title='bbox 443 3436 506 3502; x_wconf 92' lang='lat' dir='ltr'>pro</span> <span class='ocrx_word' id='word_1_258' title='bbox 527 3435 606 3480; x_wconf 90' lang='lat' dir='ltr'>vera</span> <span class='ocrx_word' id='word_1_259' title='bbox 625 3411 776 3478; x_wconf 85' lang='lat' dir='ltr'>Ecclesia</span> <span class='ocrx_word' id='word_1_260' title='bbox 797 3410 981 3492; x_wconf 88' lang='lat' dir='ltr'>venditant,</span> <span class='ocrx_word' id='word_1_261' title='bbox 1001 3433 1063 3476; x_wconf 89' lang='lat' dir='ltr'>nec</span> <span class='ocrx_word' id='word_1_262' title='bbox 1082 3411 1147 3476; x_wconf 89' lang='lat' dir='ltr'>nisi</span> <span class='ocrx_word' id='word_1_263' title='bbox 1168 3410 1354 3477; x_wconf 87' lang='lat' dir='ltr'>Ecclesiam</span> <span class='ocrx_word' id='word_1_264' title='bbox 1369 3419 1401 3476; x_wconf 90' lang='lat' dir='ltr'>et</span> 
     </span>
     <span class='ocr_line' id='line_1_32' title="bbox 196 3513 1400 3612; baseline -0.009 -23"><span class='ocrx_word' id='word_1_265' title='bbox 196 3523 328 3612; x_wconf 89' lang='lat' dir='ltr'>quidem</span> <span class='ocrx_word' id='word_1_266' title='bbox 358 3542 476 3598; x_wconf 90' lang='lat' dir='ltr'>unam,</span> <span class='ocrx_word' id='word_1_267' title='bbox 506 3515 729 3594; x_wconf 88' lang='lat' dir='ltr'>Catholicam‚</span> <span class='ocrx_word' id='word_1_268' title='bbox 758 3513 1004 3600; x_wconf 78' lang='lat' dir='ltr'>apostolicam,</span> <span class='ocrx_word' id='word_1_269' title='bbox 1038 3521 1073 3579; x_wconf 87' lang='lat' dir='ltr'>et</span> <span class='ocrx_word' id='word_1_270' title='bbox 1101 3522 1249 3579; x_wconf 86' lang='lat' dir='ltr'>sanctam</span> <span class='ocrx_word' id='word_1_271' title='bbox 1278 3515 1311 3579; x_wconf 92' lang='lat' dir='ltr'>in</span> <span class='ocrx_word' id='word_1_272' title='bbox 1343 3535 1400 3581; x_wconf 90' lang='lat' dir='ltr'>ore</span> 
     </span>
     <span class='ocr_line' id='line_1_33' title="bbox 197 3616 1399 3704; baseline -0.008 -12"><span class='ocrx_word' id='word_1_273' title='bbox 197 3625 339 3692; x_wconf 88' lang='lat' dir='ltr'>habent:</span> <span class='ocrx_word' id='word_1_274' title='bbox 361 3624 407 3688; x_wconf 90' lang='lat' dir='ltr'>ita</span> <span class='ocrx_word' id='word_1_275' title='bbox 426 3621 576 3688; x_wconf 83' lang='lat' dir='ltr'>Jcsuitae</span> <span class='ocrx_word' id='word_1_276' title='bbox 598 3641 670 3686; x_wconf 87' lang='lat' dir='ltr'>curn</span> <span class='ocrx_word' id='word_1_277' title='bbox 687 3617 825 3683; x_wconf 86' lang='lat' dir='ltr'>asseclis</span> <span class='ocrx_word' id='word_1_278' title='bbox 848 3616 917 3682; x_wconf 87' lang='lat' dir='ltr'>suis</span> <span class='ocrx_word' id='word_1_279' title='bbox 932 3617 1029 3683; x_wconf 91' lang='lat' dir='ltr'>unice</span> <span class='ocrx_word' id='word_1_280' title='bbox 1044 3616 1110 3682; x_wconf 91' lang='lat' dir='ltr'>boc</span> <span class='ocrx_word' id='word_1_281' title='bbox 1125 3618 1179 3704; x_wconf 88' lang='lat' dir='ltr'>jus</span> <span class='ocrx_word' id='word_1_282' title='bbox 1194 3617 1257 3682; x_wconf 90' lang='lat' dir='ltr'>sibi</span> <span class='ocrx_word' id='word_1_283' title='bbox 1273 3616 1399 3684; x_wconf 88' lang='lat' dir='ltr'>adscri-</span> 
     </span>
     <span class='ocr_line' id='line_1_34' title="bbox 195 3721 1398 3813; baseline -0.008 -17"><span class='ocrx_word' id='word_1_284' title='bbox 195 3731 291 3810; x_wconf 90' lang='lat' dir='ltr'>bunt,</span> <span class='ocrx_word' id='word_1_285' title='bbox 314 3737 347 3794; x_wconf 89' lang='lat' dir='ltr'>et</span> <span class='ocrx_word' id='word_1_286' title='bbox 361 3727 409 3792; x_wconf 88' lang='lat' dir='ltr'>ita</span> <span class='ocrx_word' id='word_1_287' title='bbox 424 3724 557 3813; x_wconf 88' lang='lat' dir='ltr'>quidem</span> <span class='ocrx_word' id='word_1_288' title='bbox 573 3722 780 3802; x_wconf 88' lang='lat' dir='ltr'>adscribunt,</span> <span class='ocrx_word' id='word_1_289' title='bbox 795 3730 833 3787; x_wconf 93' lang='lat' dir='ltr'>ut</span> <span class='ocrx_word' id='word_1_290' title='bbox 847 3721 1030 3787; x_wconf 86' lang='lat' dir='ltr'>Jansenitis</span> <span class='ocrx_word' id='word_1_291' title='bbox 1046 3721 1311 3790; x_wconf 83' lang='lat' dir='ltr'>communionem</span> <span class='ocrx_word' id='word_1_292' title='bbox 1326 3741 1398 3788; x_wconf 86' lang='lat' dir='ltr'>cum</span> 
     </span>
     <span class='ocr_line' id='line_1_35' title="bbox 193 3823 1397 3917; baseline -0.008 -17"><span class='ocrx_word' id='word_1_293' title='bbox 193 3834 257 3900; x_wconf 91' lang='lat' dir='ltr'>bac</span> <span class='ocrx_word' id='word_1_294' title='bbox 272 3830 426 3898; x_wconf 84' lang='lat' dir='ltr'>Ecclesia</span> <span class='ocrx_word' id='word_1_295' title='bbox 441 3849 562 3917; x_wconf 88' lang='lat' dir='ltr'>negare</span> <span class='ocrx_word' id='word_1_296' title='bbox 577 3848 645 3892; x_wconf 93' lang='lat' dir='ltr'>non</span> <span class='ocrx_word' id='word_1_297' title='bbox 661 3834 847 3907; x_wconf 88' lang='lat' dir='ltr'>vereantur,</span> <span class='ocrx_word' id='word_1_298' title='bbox 868 3833 971 3911; x_wconf 90' lang='lat' dir='ltr'>prout</span> <span class='ocrx_word' id='word_1_299' title='bbox 986 3847 1028 3890; x_wconf 85' lang='lat' dir='ltr'>ex</span> <span class='ocrx_word' id='word_1_300' title='bbox 1044 3823 1226 3905; x_wconf 87' lang='lat' dir='ltr'>Brieacerii,</span> <span class='ocrx_word' id='word_1_301' title='bbox 1243 3823 1397 3890; x_wconf 86' lang='lat' dir='ltr'>aliorum·</span> 
     </span>
     <span class='ocr_line' id='line_1_36' title="bbox 193 3927 1398 4026; baseline -0.007 -23"><span class='ocrx_word' id='word_1_302' title='bbox 193 3960 260 4026; x_wconf 90' lang='lat' dir='ltr'>que</span> <span class='ocrx_word' id='word_1_303' title='bbox 289 3933 509 4015; x_wconf 89' lang='lat' dir='ltr'>sermonibus,</span> <span class='ocrx_word' id='word_1_304' title='bbox 539 3940 641 4018; x_wconf 86' lang='lat' dir='ltr'>atque</span> <span class='ocrx_word' id='word_1_305' title='bbox 669 3930 804 4017; x_wconf 87' lang='lat' dir='ltr'>scriptis</span> <span class='ocrx_word' id='word_1_306' title='bbox 833 3937 935 4015; x_wconf 86' lang='lat' dir='ltr'>patet.</span> <span class='ocrx_word' id='word_1_307' title='bbox 990 3928 1126 3994; x_wconf 89' lang='lat' dir='ltr'>Praeter</span> <span class='ocrx_word' id='word_1_308' title='bbox 1153 3929 1327 4004; x_wconf 86' lang='lat' dir='ltr'>recensita,</span> <span class='ocrx_word' id='word_1_309' title='bbox 1357 3927 1398 3994; x_wconf 87' lang='lat' dir='ltr'>de</span> 
     </span>
     <span class='ocr_line' id='line_1_37' title="bbox 195 4031 1398 4120; baseline -0.012 -11"><span class='ocrx_word' id='word_1_310' title='bbox 195 4041 295 4108; x_wconf 88' lang='lat' dir='ltr'>variis</span> <span class='ocrx_word' id='word_1_311' title='bbox 317 4039 390 4104; x_wconf 79' lang='lat' dir='ltr'>aliie</span> <span class='ocrx_word' id='word_1_312' title='bbox 410 4037 476 4102; x_wconf 90' lang='lat' dir='ltr'>hos</span> <span class='ocrx_word' id='word_1_313' title='bbox 497 4036 652 4101; x_wconf 87' lang='lat' dir='ltr'>incusant</span> <span class='ocrx_word' id='word_1_314' title='bbox 670 4034 728 4114; x_wconf 92' lang='lat' dir='ltr'>illi,</span> <span class='ocrx_word' id='word_1_315' title='bbox 751 4034 901 4098; x_wconf 90' lang='lat' dir='ltr'>nimirum</span> <span class='ocrx_word' id='word_1_316' title='bbox 924 4032 1023 4120; x_wconf 91' lang='lat' dir='ltr'>quod</span> <span class='ocrx_word' id='word_1_317' title='bbox 1038 4031 1263 4120; x_wconf 89' lang='lat' dir='ltr'>indulgentias</span> <span class='ocrx_word' id='word_1_318' title='bbox 1277 4032 1398 4098; x_wconf 87' lang='lat' dir='ltr'>tollant</span> 
     </span>
     <span class='ocr_line' id='line_1_38' title="bbox 194 4133 1396 4234; baseline -0.012 -23"><span class='ocrx_word' id='word_1_319' title='bbox 194 4145 287 4234; x_wconf 72' lang='lat' dir='ltr'>(quia</span> <span class='ocrx_word' id='word_1_320' title='bbox 315 4141 441 4231; x_wconf 89' lang='lat' dir='ltr'>gratiae</span> <span class='ocrx_word' id='word_1_321' title='bbox 471 4139 582 4204; x_wconf 92' lang='lat' dir='ltr'>omnia</span> <span class='ocrx_word' id='word_1_322' title='bbox 609 4137 819 4204; x_wconf 80' lang='lat' dir='ltr'>lansenistue</span> <span class='ocrx_word' id='word_1_323' title='bbox 846 4137 1009 4218; x_wconf 85' lang='lat' dir='ltr'>tribuunt)</span> <span class='ocrx_word' id='word_1_324' title='bbox 1040 4135 1132 4220; x_wconf 92' lang='lat' dir='ltr'>quod</span> <span class='ocrx_word' id='word_1_325' title='bbox 1161 4133 1295 4220; x_wconf 90' lang='lat' dir='ltr'>Papam,</span> <span class='ocrx_word' id='word_1_326' title='bbox 1325 4133 1396 4221; x_wconf 85' lang='lat' dir='ltr'>ejus</span> 
     </span>
     <span class='ocr_line' id='line_1_39' title="bbox 191 4237 1396 4334; baseline -0.013 -18"><span class='ocrx_word' id='word_1_327' title='bbox 191 4248 335 4329; x_wconf 89' lang='lat' dir='ltr'>decreta,</span> <span class='ocrx_word' id='word_1_328' title='bbox 366 4253 467 4334; x_wconf 87' lang='lat' dir='ltr'>atque</span> <span class='ocrx_word' id='word_1_329' title='bbox 494 4250 694 4332; x_wconf 88' lang='lat' dir='ltr'>potestatem</span> <span class='ocrx_word' id='word_1_330' title='bbox 721 4241 818 4306; x_wconf 89' lang='lat' dir='ltr'>nauci</span> <span class='ocrx_word' id='word_1_331' title='bbox 845 4239 984 4315; x_wconf 80' lang='lat' dir='ltr'>faciant3</span> <span class='ocrx_word' id='word_1_332' title='bbox 1016 4237 1107 4324; x_wconf 91' lang='lat' dir='ltr'>quod</span> <span class='ocrx_word' id='word_1_333' title='bbox 1135 4242 1396 4302; x_wconf 86' lang='lat' dir='ltr'>communionem</span> 
     </span>
     <span class='ocr_line' id='line_1_40' title="bbox 195 4337 1395 4442; baseline -0.014 -22"><span class='ocrx_word' id='word_1_334' title='bbox 195 4363 297 4442; x_wconf 91' lang='lat' dir='ltr'>atque</span> <span class='ocrx_word' id='word_1_335' title='bbox 313 4348 559 4418; x_wconf 85' lang='lat' dir='ltr'>confessionem</span> <span class='ocrx_word' id='word_1_336' title='bbox 576 4354 807 4423; x_wconf 79' lang='lat' dir='ltr'>contemnant3</span> <span class='ocrx_word' id='word_1_337' title='bbox 824 4342 916 4432; x_wconf 91' lang='lat' dir='ltr'>quod</span> <span class='ocrx_word' id='word_1_338' title='bbox 931 4340 1176 4407; x_wconf 88' lang='lat' dir='ltr'>invocationem</span> <span class='ocrx_word' id='word_1_339' title='bbox 1192 4340 1226 4406; x_wconf 90' lang='lat' dir='ltr'>S.</span> <span class='ocrx_word' id='word_1_340' title='bbox 1242 4337 1395 4428; x_wconf 86' lang='lat' dir='ltr'>Virginis,</span> 
     </span>
     <span class='ocr_line' id='line_1_41' title="bbox 195 4439 1396 4547; baseline -0.016 -21"><span class='ocrx_word' id='word_1_341' title='bbox 195 4457 410 4547; x_wconf 86' lang='lat' dir='ltr'>ejusdemque</span> <span class='ocrx_word' id='word_1_342' title='bbox 425 4451 539 4533; x_wconf 85' lang='lat' dir='ltr'>horas,</span> <span class='ocrx_word' id='word_1_343' title='bbox 560 4449 720 4539; x_wconf 89' lang='lat' dir='ltr'>quodque</span> <span class='ocrx_word' id='word_1_344' title='bbox 736 4446 895 4538; x_wconf 91' lang='lat' dir='ltr'>globulos</span> <span class='ocrx_word' id='word_1_345' title='bbox 911 4445 1078 4512; x_wconf 90' lang='lat' dir='ltr'>oratorios</span> <span class='ocrx_word' id='word_1_346' title='bbox 1094 4445 1263 4532; x_wconf 85' lang='lat' dir='ltr'>spernant.</span> <span class='ocrx_word' id='word_1_347' title='bbox 1306 4439 1396 4510; x_wconf 88' lang='lat' dir='ltr'>Inter</span> 
     </span>
     <span class='ocr_line' id='line_1_42' title="bbox 194 4547 1395 4656; baseline -0.015 -29"><span class='ocrx_word' id='word_1_348' title='bbox 194 4561 309 4656; x_wconf 86' lang='lat' dir='ltr'>gravia</span> <span class='ocrx_word' id='word_1_349' title='bbox 329 4559 413 4626; x_wconf 88' lang='lat' dir='ltr'>haec</span> <span class='ocrx_word' id='word_1_350' title='bbox 433 4556 572 4626; x_wconf 86' lang='lat' dir='ltr'>dissidia</span> <span class='ocrx_word' id='word_1_351' title='bbox 587 4555 702 4621; x_wconf 91' lang='lat' dir='ltr'>mirum</span> <span class='ocrx_word' id='word_1_352' title='bbox 724 4561 776 4620; x_wconf 91' lang='lat' dir='ltr'>est</span> <span class='ocrx_word' id='word_1_353' title='bbox 797 4573 896 4643; x_wconf 87' lang='lat' dir='ltr'>quam</span> <span class='ocrx_word' id='word_1_354' title='bbox 917 4549 1036 4615; x_wconf 89' lang='lat' dir='ltr'>anxius</span> <span class='ocrx_word' id='word_1_355' title='bbox 1057 4547 1148 4635; x_wconf 86' lang='lat' dir='ltr'>Papa</span> <span class='ocrx_word' id='word_1_356' title='bbox 1168 4556 1201 4613; x_wconf 90' lang='lat' dir='ltr'>et</span> <span class='ocrx_word' id='word_1_357' title='bbox 1215 4547 1395 4636; x_wconf 84' lang='lat' dir='ltr'>perplexus</span> 
     </span>
    </p>
   </div>
   <div class='ocr_carea' id='block_1_8' title="bbox 0 0 1530 5046">
    <p class='ocr_par' dir='ltr' id='par_1_8' title="bbox 0 0 1530 5046">
     <span class='ocr_line' id='line_1_43' title="bbox 0 0 1530 5046; baseline 0 0"><span class='ocrx_word' id='word_1_358' title='bbox 0 0 1530 5046; x_wconf 95' lang='lat' dir='ltr'> </span> 
     </span>
    </p>
   </div>
  </div>
 </body>
</html>
