3084 5056
734 305 774 372 41

654 396 854 406 ..ᾐ--υ--α

151 508 200 576 19.
223 507 371 574 Januarii
402 510 481 575 dato
509 509 706 585 declaravit,
735 532 804 574 nnn
828 531 901 575 essa
932 503 1170 599 obligationem
1194 507 1361 578 credendi.

150 614 300 700 quinque
324 614 575 699 propositiones
598 635 707 700 noque
730 614 888 700 explicite
911 636 1021 701 neque
1043 613 1200 698 implicite
1224 613 1257 676 in
1280 611 1360 676 Jan·

150 717 245 780 senio
275 717 427 794 inveniri,
458 718 516 782 sed
546 725 673 782 tantum
704 716 883 782 damnandi
912 725 1070 803 tanquam
1101 717 1297 793 haereticas,
1327 719 1361 778 in

150 840 355 906 quocunque
377 819 464 912 libro
482 829 514 886 et
529 821 606 885 loco
628 822 860 907 reperirentur.
906 820 1095 885 Declaratio
1113 819 1277 907 ejusmodi
1294 840 1361 905 pax

150 923 357 988 Clementina
378 931 528 990 vocatur.
573 926 727 989 Attamen
748 946 813 1012 pax
835 945 903 988 non
925 924 1159 1006 diufloruit1).
1203 921 1361 988 Referen-

151 1025 217 1092 dus
233 1028 317 1092 enim
335 1027 400 1093 buc
417 1036 468 1092 est
483 1027 538 1092 ille
555 1029 612 1115 qui
629 1038 749 1114 postea
765 1027 872 1092 evasit
894 1049 1014 1104 „casus
1031 1029 1287 1104 conscientiae,“
1305 1027 1362 1114 qui

152 1129 343 1214 vocatur2).
390 1130 558 1196 Clemente
578 1131 648 1206 IX,
671 1133 730 1218 qui
751 1131 943 1196 Alexandro
969 1131 1040 1198 Vll.
1066 1131 1244 1206 successit,
1274 1153 1362 1216 papa

151 1232 198 1297 ab
212 1255 300 1297 anno
320 1233 410 1299 1667.
423 1257 532 1321 usque
548 1234 589 1298 ad
606 1257 727 1299 annum
746 1234 836 1300 1669.
853 1243 1024 1322 regnante,
1041 1234 1150 1300 clerus
1167 1234 1362 1300 Gallicanus

150 1336 315 1402 formulae
337 1337 583 1423 pacificatoriae
605 1339 815 1424 subscripsit,
841 1339 1084 1425 obsequiosum
1108 1338 1201 1426 quod
1217 1337 1362 1403 vocaba-

151 1449 208 1504 tur
230 1439 398 1504 silentium
422 1442 646 1507 observando.
691 1444 789 1508 Anno
816 1443 906 1508 1702.
931 1442 1091 1508 sacerdos
1113 1442 1248 1529 quidam
1263 1443 1363 1506 mori·

152 1542 298 1621 bundus,
322 1544 464 1609 clericus
480 1545 533 1609 vel
550 1567 627 1610 vere
644 1547 810 1611 exsistens
833 1546 887 1612 vel
902 1546 987 1623 ficte,
1010 1547 1216 1611 conscientia
1230 1545 1363 1632 percul-

151 1669 211 1711 sus
239 1656 300 1724 est,
328 1668 368 1712 eo
392 1647 485 1735 quod
511 1649 712 1733 persuadere
735 1649 890 1714 sibinen
914 1660 1041 1736 posset,
1066 1670 1185 1734 papam
1207 1649 1242 1712 in
1264 1647 1363 1712 factis

152 1750 371 1816 decernendis
386 1750 592 1816 infallibilem
610 1773 700 1816 esse:
723 1752 916 1828 declaravit,
938 1777 974 1818 se
989 1774 1104 1818 revera
1120 1753 1269 1839 quinque
1285 1773 1363 1837 pro·

152 1854 340 1941 positiones
371 1854 563 1940 simpliciter
593 1865 626 1920 et
655 1856 811 1921 absolute
838 1857 1002 1932 damnare,
1034 1877 1072 1921 ac
1098 1855 1262 1920 formulae
1286 1855 1364 1920 fidei

152 1957 332 2022 Alexandri
355 1956 429 2022 Vll.
454 1959 698 2045 subscripsisse
723 1959 872 2045 quidem;
896 1959 1113 2024 nihilominus
1137 1967 1297 2045 quantum
1321 1957 1364 2023 ad

155 2062 385 2148 quaestionem
407 2060 488 2125 lacti
512 2084 571 2126 seu
596 2063 845 2128 attributionem
869 2063 1000 2128 illarum
1027 2061 1176 2149 quinque
1207 2060 1362 2146 proposi·

155 2165 280 2228 tionum
302 2164 390 2230 libro
412 2164 571 2242 dansenii,
595 2166 783 2231 existimare
807 2189 854 2243 se,
878 2166 1069 2254 religiosum
1092 2164 1246 2230 sulficere
1262 2165 1362 2230 silen-

156 2269 245 2338 tium.
291 2267 457 2334 Confesso
488 2271 774 2336 sacramentaliter
803 2269 1031 2335 confessarius
1060 2269 1231 2333 haesitans
1262 2277 1363 2356 atque

153 2371 311 2437 dubitans
333 2371 580 2438 absolutionem
604 2375 792 2462 denegavit,
815 2374 841 2439 F
843 2373 1023 2438 acultatem
1045 2371 1258 2438 sorbonicam
1282 2373 1364 2437 adiit

152 2475 373 2552 consulendo.
419 2474 648 2562 Quadraginta
678 2479 847 2554 doctores,
873 2477 1045 2542 sorbonici
1072 2476 1215 2562 plurimi,
1241 2475 1364 2562 aliique

150 2579 247 2643 multi
261 2578 477 2657 Parisienses,
493 2579 535 2644 ad
549 2603 636 2668 quos
653 2603 751 2646 casus
763 2579 986 2646 resolvendus
999 2579 1130 2644 delatus
1146 2586 1206 2654 est,
1222 2599 1363 2664 respon-

151 2682 283 2760 derunt,
306 2683 552 2747 absolutionem
575 2685 825 2769 impertiendam
842 2706 926 2759 esse,
947 2683 1022 2747 visa
1038 2704 1136 2747 casus
1152 2682 1364 2768 expositione

150 2795 337 2864 censentes,
364 2786 465 2873 hujus
489 2788 707 2852 ecclesiastici
732 2789 794 2852 viri
823 2787 1030 2862 sententiam,
1056 2808 1117 2850 nec
1140 2807 1262 2850 novam
1289 2809 1363 2851 essa

151 2911 213 2954 neo
243 2889 443 2977 singularem
474 2911 536 2956 neo
566 2891 606 2956 ab
638 2891 780 2956 ecclesia
811 2889 1014 2964 damnatam,
1045 2911 1155 2976 neque
1185 2889 1295 2964 talem,
1325 2899 1364 2954 ut

151 2991 386 3058 Confessarius
419 2995 529 3078 possit
559 2995 624 3080 ipsi
658 2993 929 3060 sacramentalem
972 2991 1138 3078 denegare
1176 2991 1362 3056 absolutio-

150 3119 236 3172 nem,
261 3097 324 3161 nisi
348 3119 417 3162 eam
441 3099 680 3166 retractaverit.
727 3097 834 3179 Quam
850 3097 1105 3182 responsionem
1129 3095 1281 3160 Clemens
1303 3096 1362 3161 XI.

151 3199 400 3282 (1700-1721.)
423 3200 536 3264 statim
559 3201 693 3267 decreto
719 3203 767 3266 13.
789 3201 885 3266 Febr.
908 3221 960 3264 an.
980 3199 1070 3264 1703.
1087 3199 1219 3276 emisso,
1243 3199 1363 3280 eninde

151 3303 269 3367 eodem
293 3325 381 3367 anno
405 3303 583 3368 cardinalis
607 3304 772 3382 Noallius,
794 3304 1071 3390 archiepiscopus
1100 3302 1300 3366 Parisiensis
1330 3309 1363 3368 et

150 3407 350 3471 Bossuatius
367 3415 440 3471 atro
459 3408 612 3494 stigmate
628 3417 832 3473 notaverunt
844 3407 1095 3494 proscribendo
1140 3404 1364 3492 Subjecerunt

150 3532 187 3575 se
210 3510 362 3597 theologi
383 3510 598 3586 Parisienses,
623 3512 681 3598 qui
704 3533 818 3576 casum
840 3511 1066 3576 conscientiae
1082 3509 1362 3595 approbaverant,

150 3625 291 3699 excepto
308 3613 455 3678 Antonio
472 3613 631 3689 Arnaldo‚
648 3615 706 3701 qui
723 3637 793 3679 eam
811 3615 854 3678 ob
871 3637 938 3680 rem
956 3637 996 3678 ex
1012 3613 1188 3678 doctorum
1206 3613 1361 3702 catalogo

148 3717 276 3802 ejectus
300 3725 352 3781 est
367 3738 456 3781 anno
476 3717 577 3794 1704,
601 3728 783 3805 postquam
793 3719 893 3805 juxta
908 3715 1126 3782 Tournelium
1143 3727 1176 3780 et
1192 3725 1362 3782 auctorem

147 3819 234 3896 libri,
265 3821 319 3884 cui
349 3819 468 3884 titulus
499 3819 686 3896 „Nouvelle
714 3821 916 3908 Biographie
939 3820 1093 3907 gdndrale
1117 3829 1201 3886 cet.“
1218 3821 1288 3906 jam
1311 3823 1361 3886 in·

148 3931 247 3987 eunte
263 3944 351 3986 anno
370 3921 461 3990 1656.
480 3923 523 3986 ob
540 3921 625 3987 duas
641 3924 812 4009 epistolas,
831 3925 954 4011 quibus
971 3923 1162 4000 declaravit,
1180 3947 1216 3988 se
1231 3925 1266 3988 in
1280 3923 1360 3990 Jan·

146 4027 241 4094 senio
266 4026 415 4114 quinque
438 4026 689 4112 propositiones
716 4028 955 4093 condemnatas
985 4050 1053 4092 non
1083 4029 1262 4106 invenisse,
1286 4049 1360 4093 cum

146 4131 323 4218 sexaginta
338 4129 413 4193 aliis
429 4130 638 4211 doctori-bus,
661 4130 833 4197 facultatis
850 4154 1009 4197 censurae
1025 4130 1237 4197 subscribere
1251 4131 1359 4198 reluc-

145 4234 236 4315 tatis,
260 4255 301 4298 ex
324 4232 403 4298 albo
427 4233 682 4299 sorbonicorum
704 4245 893 4322 expunctus
909 4257 983 4300 esse
999 4234 1115 4300 fertur.
1159 4235 1198 4300 In
1215 4235 1360 4320 epistola

147 4395 349 4410 ...μ--ο

216 4475 238 4544 l)
257 4473 388 4527 Nouvelle
402 4473 569 4544 Biographie,
582 4473 599 4526 1.
615 4490 636 4527 a.
715 4445 716 4448 ¹

211 4563 238 4632 2]
257 4559 312 4614 Cas
325 4559 357 4614 de
370 4560 527 4614 conscience
541 4568 590 4613 cet.
601 4591 630 4602 -
643 4559 878 4616 natzar-Leukon
888 4577 940 4614 von
953 4559 1034 4614 Peter
1043 4559 1065 4613 F
1066 4561 1123 4612 rita.
1135 4559 1151 4612 1.
1162 4577 1184 4616 c.
1194 4579 1221 4632 p.
1231 4564 1291 4628 248,
1298 4565 1357 4621 249.
