<?xml version="1.0" encoding="UTF-8"?>
<!DOCTYPE html PUBLIC "-//W3C//DTD XHTML 1.0 Transitional//EN"
    "http://www.w3.org/TR/xhtml1/DTD/xhtml1-transitional.dtd">
<html xmlns="http://www.w3.org/1999/xhtml" xml:lang="en" lang="en">
 <head>
  <title>
</title>
<meta http-equiv="Content-Type" content="text/html;charset=utf-8" />
  <meta name='ocr-system' content='tesseract 3.04.00' />
  <meta name='ocr-capabilities' content='ocr_page ocr_carea ocr_par ocr_line ocrx_word'/>
</head>
<body>
  <div class='ocr_page' id='page_1' title='image "./dejansenismiori00kleigoog_0032.png"; bbox 0 0 3084 5056; ppageno 0'>
   <div class='ocr_carea' id='block_1_1' title="bbox 756 237 797 302">
    <p class='ocr_par' dir='ltr' id='par_1_1' title="bbox 756 237 797 302">
     <span class='ocr_line' id='line_1_1' title="bbox 756 237 797 302; baseline -0.049 0"><span class='ocrx_word' id='word_1_1' title='bbox 756 237 797 302; x_wconf 84' lang='lat'>23</span> 
     </span>
    </p>
   </div>
   <div class='ocr_carea' id='block_1_2' title="bbox 167 439 1375 1870">
    <p class='ocr_par' dir='ltr' id='par_1_2' title="bbox 167 439 1375 1870">
     <span class='ocr_line' id='line_1_2' title="bbox 169 439 1371 528; baseline 0 -24"><span class='ocrx_word' id='word_1_2' title='bbox 169 440 272 511; x_wconf 87' lang='lat' dir='ltr'>ciunt,</span> <span class='ocrx_word' id='word_1_3' title='bbox 295 439 338 502; x_wconf 94' lang='lat' dir='ltr'>ob</span> <span class='ocrx_word' id='word_1_4' title='bbox 361 439 502 508; x_wconf 79' lang='lat' dir='ltr'>animum</span> <span class='ocrx_word' id='word_1_5' title='bbox 520 447 552 504; x_wconf 91' lang='lat' dir='ltr'>et</span> <span class='ocrx_word' id='word_1_6' title='bbox 573 439 691 504; x_wconf 90' lang='lat' dir='ltr'>oculos</span> <span class='ocrx_word' id='word_1_7' title='bbox 707 462 837 526; x_wconf 88' lang='lat' dir='ltr'>semper</span> <span class='ocrx_word' id='word_1_8' title='bbox 857 441 1054 504; x_wconf 85' lang='lat' dir='ltr'>sententiam</span> <span class='ocrx_word' id='word_1_9' title='bbox 1071 439 1371 528; x_wconf 80' lang='lat' dir='ltr'>cogitationemque</span> 
     </span>
     <span class='ocr_line' id='line_1_3' title="bbox 169 541 1373 630; baseline 0 -24"><span class='ocrx_word' id='word_1_10' title='bbox 169 543 384 608; x_wconf 83' lang='lat' dir='ltr'><strong>observatam</strong></span> <span class='ocrx_word' id='word_1_11' title='bbox 409 541 524 618; x_wconf 89' lang='lat' dir='ltr'>fuisse,</span> <span class='ocrx_word' id='word_1_12' title='bbox 555 541 636 629; x_wconf 90' lang='lat' dir='ltr'>quid</span> <span class='ocrx_word' id='word_1_13' title='bbox 662 542 737 606; x_wconf 89' lang='lat' dir='ltr'>mali</span> <span class='ocrx_word' id='word_1_14' title='bbox 764 543 943 620; x_wconf 74' lang='lat' dir='ltr'><strong>moliretur,</strong></span> <span class='ocrx_word' id='word_1_15' title='bbox 970 543 1051 630; x_wconf 89' lang='lat' dir='ltr'>quid</span> <span class='ocrx_word' id='word_1_16' title='bbox 1077 543 1178 608; x_wconf 89' lang='lat' dir='ltr'>saluti</span> <span class='ocrx_word' id='word_1_17' title='bbox 1203 541 1373 618; x_wconf 88' lang='lat' dir='ltr'>hominum</span> 
     </span>
     <span class='ocr_line' id='line_1_4' title="bbox 169 645 1374 733; baseline 0.002 -23"><span class='ocrx_word' id='word_1_18' title='bbox 169 646 271 722; x_wconf 83' lang='lat' dir='ltr'>noxii,</span> <span class='ocrx_word' id='word_1_19' title='bbox 296 645 378 732; x_wconf 89' lang='lat' dir='ltr'>quid</span> <span class='ocrx_word' id='word_1_20' title='bbox 395 645 553 711; x_wconf 89' lang='lat' dir='ltr'>ecclesiae</span> <span class='ocrx_word' id='word_1_21' title='bbox 569 645 623 710; x_wconf 92' lang='lat' dir='ltr'>dei</span> <span class='ocrx_word' id='word_1_22' title='bbox 639 646 841 721; x_wconf 88' lang='lat' dir='ltr'>scandalosi,</span> <span class='ocrx_word' id='word_1_23' title='bbox 859 647 939 733; x_wconf 92' lang='lat' dir='ltr'>quid</span> <span class='ocrx_word' id='word_1_24' title='bbox 954 647 1082 732; x_wconf 91' lang='lat' dir='ltr'>populo</span> <span class='ocrx_word' id='word_1_25' title='bbox 1100 646 1282 711; x_wconf 88' lang='lat' dir='ltr'>christiano</span> <span class='ocrx_word' id='word_1_26' title='bbox 1298 667 1374 732; x_wconf 85' lang='lat' dir='ltr'>per-</span> 
     </span>
     <span class='ocr_line' id='line_1_5' title="bbox 169 748 1375 836; baseline -0.001 -22"><span class='ocrx_word' id='word_1_27' title='bbox 169 749 307 823; x_wconf 87' lang='lat' dir='ltr'>uiciosi;</span> <span class='ocrx_word' id='word_1_28' title='bbox 330 749 449 834; x_wconf 90' lang='lat' dir='ltr'>culpae</span> <span class='ocrx_word' id='word_1_29' title='bbox 472 750 676 820; x_wconf 87' lang='lat' dir='ltr'>conscientia</span> <span class='ocrx_word' id='word_1_30' title='bbox 701 772 861 836; x_wconf 88' lang='lat' dir='ltr'>percusso</span> <span class='ocrx_word' id='word_1_31' title='bbox 883 750 1053 827; x_wconf 82' lang='lat' dir='ltr'><strong>claruisse,</strong></span> <span class='ocrx_word' id='word_1_32' title='bbox 1075 749 1159 825; x_wconf 86' lang='lat' dir='ltr'>fore,</span> <span class='ocrx_word' id='word_1_33' title='bbox 1181 757 1219 814; x_wconf 92' lang='lat' dir='ltr'>ut</span> <span class='ocrx_word' id='word_1_34' title='bbox 1234 748 1375 820; x_wconf 86' lang='lat' dir='ltr'>ecelesia</span> 
     </span>
     <span class='ocr_line' id='line_1_6' title="bbox 168 851 1373 938; baseline 0 -20"><span class='ocrx_word' id='word_1_35' title='bbox 168 853 289 918; x_wconf 77' lang='lat' dir='ltr'>acerbe</span> <span class='ocrx_word' id='word_1_36' title='bbox 305 854 480 938; x_wconf 86' lang='lat' dir='ltr'>pertubata</span> <span class='ocrx_word' id='word_1_37' title='bbox 496 853 679 918; x_wconf 85' lang='lat' dir='ltr'>doctrinam</span> <span class='ocrx_word' id='word_1_38' title='bbox 697 853 941 930; x_wconf 88' lang='lat' dir='ltr'>condemnaret,</span> <span class='ocrx_word' id='word_1_39' title='bbox 958 855 1044 921; x_wconf 86' lang='lat' dir='ltr'>sicut</span> <span class='ocrx_word' id='word_1_40' title='bbox 1059 862 1244 918; x_wconf 86' lang='lat' dir='ltr'>ceterorum</span> <span class='ocrx_word' id='word_1_41' title='bbox 1255 851 1373 918; x_wconf 88' lang='lat' dir='ltr'>haere·</span> 
     </span>
     <span class='ocr_line' id='line_1_7' title="bbox 169 954 1370 1043; baseline -0.001 -23"><span class='ocrx_word' id='word_1_42' title='bbox 169 958 320 1021; x_wconf 89' lang='lat' dir='ltr'>ticornm.</span> <span class='ocrx_word' id='word_1_43' title='bbox 365 955 429 1020; x_wconf 90' lang='lat' dir='ltr'>Alii</span> <span class='ocrx_word' id='word_1_44' title='bbox 445 957 661 1035; x_wconf 88' lang='lat' dir='ltr'>contendunt,</span> <span class='ocrx_word' id='word_1_45' title='bbox 678 958 720 1022; x_wconf 89' lang='lat' dir='ltr'>ad</span> <span class='ocrx_word' id='word_1_46' title='bbox 736 958 852 1043; x_wconf 84' lang='lat' dir='ltr'>Bajum</span> <span class='ocrx_word' id='word_1_47' title='bbox 868 956 1112 1021; x_wconf 81' lang='lat' dir='ltr'>defendendum</span> <span class='ocrx_word' id='word_1_48' title='bbox 1128 955 1276 1021; x_wconf 87' lang='lat' dir='ltr'>voluisse</span> <span class='ocrx_word' id='word_1_49' title='bbox 1291 954 1370 1020; x_wconf 84' lang='lat' dir='ltr'>dan-</span> 
     </span>
     <span class='ocr_line' id='line_1_8' title="bbox 168 1058 1375 1147; baseline -0.002 -23"><span class='ocrx_word' id='word_1_50' title='bbox 168 1061 299 1124; x_wconf 87' lang='lat' dir='ltr'>senium</span> <span class='ocrx_word' id='word_1_51' title='bbox 320 1059 439 1123; x_wconf 87' lang='lat' dir='ltr'>librum</span> <span class='ocrx_word' id='word_1_52' title='bbox 455 1061 608 1137; x_wconf 86' lang='lat' dir='ltr'>seribere,</span> <span class='ocrx_word' id='word_1_53' title='bbox 630 1060 691 1147; x_wconf 90' lang='lat' dir='ltr'>qui</span> <span class='ocrx_word' id='word_1_54' title='bbox 708 1060 783 1124; x_wconf 90' lang='lat' dir='ltr'>ideo</span> <span class='ocrx_word' id='word_1_55' title='bbox 805 1061 877 1147; x_wconf 89' lang='lat' dir='ltr'>Baji</span> <span class='ocrx_word' id='word_1_56' title='bbox 892 1059 1059 1146; x_wconf 81' lang='lat' dir='ltr'>Apologia</span> <span class='ocrx_word' id='word_1_57' title='bbox 1074 1060 1168 1124; x_wconf 88' lang='lat' dir='ltr'>initio</span> <span class='ocrx_word' id='word_1_58' title='bbox 1185 1058 1375 1132; x_wconf 89' lang='lat' dir='ltr'>nominatus</span> 
     </span>
     <span class='ocr_line' id='line_1_9' title="bbox 169 1161 1372 1250; baseline 0 -22"><span class='ocrx_word' id='word_1_59' title='bbox 169 1170 268 1238; x_wconf 88' lang='lat' dir='ltr'>esset,</span> <span class='ocrx_word' id='word_1_60' title='bbox 293 1162 334 1228; x_wconf 94' lang='lat' dir='ltr'>ad</span> <span class='ocrx_word' id='word_1_61' title='bbox 350 1164 531 1228; x_wconf 90' lang='lat' dir='ltr'>sententias</span> <span class='ocrx_word' id='word_1_62' title='bbox 552 1164 696 1250; x_wconf 84' lang='lat' dir='ltr'>Bajanas</span> <span class='ocrx_word' id='word_1_63' title='bbox 712 1163 854 1230; x_wconf 88' lang='lat' dir='ltr'>tuendas</span> <span class='ocrx_word' id='word_1_64' title='bbox 871 1169 1065 1249; x_wconf 84' lang='lat' dir='ltr'>susceptus3</span> <span class='ocrx_word' id='word_1_65' title='bbox 1088 1163 1228 1228; x_wconf 87' lang='lat' dir='ltr'>veritum</span> <span class='ocrx_word' id='word_1_66' title='bbox 1242 1161 1372 1238; x_wconf 88' lang='lat' dir='ltr'>deiude,</span> 
     </span>
     <span class='ocr_line' id='line_1_10' title="bbox 168 1266 1282 1352; baseline 0 -23"><span class='ocrx_word' id='word_1_67' title='bbox 168 1289 210 1332; x_wconf 92' lang='lat' dir='ltr'>ne</span> <span class='ocrx_word' id='word_1_68' title='bbox 225 1266 309 1330; x_wconf 91' lang='lat' dir='ltr'>liber</span> <span class='ocrx_word' id='word_1_69' title='bbox 323 1266 448 1330; x_wconf 85' lang='lat' dir='ltr'>Romae</span> <span class='ocrx_word' id='word_1_70' title='bbox 463 1267 591 1332; x_wconf 87' lang='lat' dir='ltr'>invisus</span> <span class='ocrx_word' id='word_1_71' title='bbox 607 1267 878 1352; x_wconf 82' lang='lat' dir='ltr'>proscriberetur,</span> <span class='ocrx_word' id='word_1_72' title='bbox 901 1266 1033 1332; x_wconf 87' lang='lat' dir='ltr'>titulum</span> <span class='ocrx_word' id='word_1_73' title='bbox 1048 1267 1282 1331; x_wconf 87' lang='lat' dir='ltr'>immutavisse.</span> 
     </span>
     <span class='ocr_line' id='line_1_11' title="bbox 233 1369 1375 1458; baseline 0.003 -24"><span class='ocrx_word' id='word_1_74' title='bbox 233 1369 403 1447; x_wconf 82' lang='lat' dir='ltr'>Profecto,</span> <span class='ocrx_word' id='word_1_75' title='bbox 428 1391 529 1456; x_wconf 91' lang='lat' dir='ltr'>quum</span> <span class='ocrx_word' id='word_1_76' title='bbox 551 1370 585 1433; x_wconf 92' lang='lat' dir='ltr'>in</span> <span class='ocrx_word' id='word_1_77' title='bbox 609 1370 837 1458; x_wconf 85' lang='lat' dir='ltr'>„Augustino“</span> <span class='ocrx_word' id='word_1_78' title='bbox 861 1391 923 1434; x_wconf 88' lang='lat' dir='ltr'>suo</span> <span class='ocrx_word' id='word_1_79' title='bbox 939 1369 1173 1454; x_wconf 91' lang='lat' dir='ltr'>componendo</span> <span class='ocrx_word' id='word_1_80' title='bbox 1190 1376 1375 1454; x_wconf 83' lang='lat' dir='ltr'>occupatus</span> 
     </span>
     <span class='ocr_line' id='line_1_12' title="bbox 169 1472 1374 1561; baseline -0.002 -21"><span class='ocrx_word' id='word_1_81' title='bbox 169 1474 441 1540; x_wconf 76' lang='lat' dir='ltr'>constitutionem</span> <span class='ocrx_word' id='word_1_82' title='bbox 465 1473 516 1538; x_wconf 92' lang='lat' dir='ltr'>Pii</span> <span class='ocrx_word' id='word_1_83' title='bbox 538 1472 591 1550; x_wconf 89' lang='lat' dir='ltr'>V.‚</span> <span class='ocrx_word' id='word_1_84' title='bbox 615 1496 680 1560; x_wconf 86' lang='lat' dir='ltr'>qua</span> <span class='ocrx_word' id='word_1_85' title='bbox 704 1495 792 1538; x_wconf 88' lang='lat' dir='ltr'>anno</span> <span class='ocrx_word' id='word_1_86' title='bbox 817 1473 908 1540; x_wconf 80' lang='lat'><strong>1567.</strong></span> <span class='ocrx_word' id='word_1_87' title='bbox 931 1476 1143 1561; x_wconf 86' lang='lat' dir='ltr'>septuaginta</span> <span class='ocrx_word' id='word_1_88' title='bbox 1165 1495 1226 1538; x_wconf 87' lang='lat' dir='ltr'>sex</span> <span class='ocrx_word' id='word_1_89' title='bbox 1248 1495 1374 1559; x_wconf 89' lang='lat' dir='ltr'>propo-</span> 
     </span>
     <span class='ocr_line' id='line_1_13' title="bbox 168 1575 1373 1664; baseline -0.002 -22"><span class='ocrx_word' id='word_1_90' title='bbox 168 1578 308 1658; x_wconf 77' lang='lat' dir='ltr'>sitiones</span> <span class='ocrx_word' id='word_1_91' title='bbox 331 1577 414 1664; x_wconf 83' lang='lat' dir='ltr'>Baji,</span> <span class='ocrx_word' id='word_1_92' title='bbox 437 1577 539 1641; x_wconf 88' lang='lat' dir='ltr'>tacito</span> <span class='ocrx_word' id='word_1_93' title='bbox 556 1578 627 1664; x_wconf 87' lang='lat' dir='ltr'>ejus</span> <span class='ocrx_word' id='word_1_94' title='bbox 643 1578 785 1654; x_wconf 88' lang='lat' dir='ltr'>nomine,</span> <span class='ocrx_word' id='word_1_95' title='bbox 809 1577 1009 1661; x_wconf 81' lang='lat' dir='ltr'>reprobatae</span> <span class='ocrx_word' id='word_1_96' title='bbox 1026 1586 1113 1654; x_wconf 91' lang='lat' dir='ltr'>sunt,</span> <span class='ocrx_word' id='word_1_97' title='bbox 1136 1599 1281 1642; x_wconf 87' lang='lat' dir='ltr'>necnon</span> <span class='ocrx_word' id='word_1_98' title='bbox 1297 1575 1373 1642; x_wconf 92' lang='lat' dir='ltr'>bul·</span> 
     </span>
     <span class='ocr_line' id='line_1_14' title="bbox 167 1678 1373 1767; baseline -0.001 -23"><span class='ocrx_word' id='word_1_99' title='bbox 167 1680 232 1746; x_wconf 88' lang='lat' dir='ltr'>lam</span> <span class='ocrx_word' id='word_1_100' title='bbox 248 1701 268 1743; x_wconf 87' lang='lat' dir='ltr'>a</span> <span class='ocrx_word' id='word_1_101' title='bbox 284 1679 446 1766; x_wconf 84' lang='lat' dir='ltr'>Gregorio</span> <span class='ocrx_word' id='word_1_102' title='bbox 462 1679 542 1744; x_wconf 85' lang='lat' dir='ltr'>XIII</span> <span class='ocrx_word' id='word_1_103' title='bbox 558 1701 646 1744; x_wconf 89' lang='lat' dir='ltr'>anno</span> <span class='ocrx_word' id='word_1_104' title='bbox 666 1680 756 1744; x_wconf 81' lang='lat'>1579.</span> <span class='ocrx_word' id='word_1_105' title='bbox 775 1681 965 1756; x_wconf 89' lang='lat' dir='ltr'>exhibitam,</span> <span class='ocrx_word' id='word_1_106' title='bbox 983 1702 1049 1767; x_wconf 89' lang='lat' dir='ltr'>qua</span> <span class='ocrx_word' id='word_1_107' title='bbox 1065 1681 1261 1746; x_wconf 89' lang='lat' dir='ltr'>constitutio</span> <span class='ocrx_word' id='word_1_108' title='bbox 1277 1679 1328 1744; x_wconf 90' lang='lat' dir='ltr'>Pii</span> <span class='ocrx_word' id='word_1_109' title='bbox 1339 1678 1373 1742; x_wconf 92' lang='lat' dir='ltr'><strong>V</strong></span> 
     </span>
     <span class='ocr_line' id='line_1_15' title="bbox 168 1781 1373 1870; baseline 0.001 -24"><span class='ocrx_word' id='word_1_110' title='bbox 168 1783 365 1870; x_wconf 89' lang='lat' dir='ltr'>approbata,</span> <span class='ocrx_word' id='word_1_111' title='bbox 389 1782 541 1847; x_wconf 90' lang='lat' dir='ltr'>doctrina</span> <span class='ocrx_word' id='word_1_112' title='bbox 563 1781 688 1869; x_wconf 85' lang='lat' dir='ltr'>Bajana</span> <span class='ocrx_word' id='word_1_113' title='bbox 710 1784 828 1848; x_wconf 88' lang='lat' dir='ltr'>iterum</span> <span class='ocrx_word' id='word_1_114' title='bbox 849 1783 971 1869; x_wconf 87' lang='lat' dir='ltr'>rejecta</span> <span class='ocrx_word' id='word_1_115' title='bbox 991 1793 1051 1859; x_wconf 90' lang='lat' dir='ltr'>est,</span> <span class='ocrx_word' id='word_1_116' title='bbox 1075 1783 1139 1850; x_wconf 90' lang='lat' dir='ltr'>sibi</span> <span class='ocrx_word' id='word_1_117' title='bbox 1160 1790 1237 1848; x_wconf 89' lang='lat' dir='ltr'>ante</span> <span class='ocrx_word' id='word_1_118' title='bbox 1253 1782 1373 1848; x_wconf 90' lang='lat' dir='ltr'>oculos</span> 
     </span>
    </p>
   </div>
   <div class='ocr_carea' id='block_1_3' title="bbox 169 1886 1486 1974">
    <p class='ocr_par' dir='ltr' id='par_1_3' title="bbox 169 1886 1486 1974">
     <span class='ocr_line' id='line_1_16' title="bbox 169 1886 1486 1974; baseline -0.002 -22"><span class='ocrx_word' id='word_1_119' title='bbox 169 1894 317 1972; x_wconf 91' lang='lat' dir='ltr'>poneret,</span> <span class='ocrx_word' id='word_1_120' title='bbox 347 1886 432 1951; x_wconf 89' lang='lat' dir='ltr'>adeo</span> <span class='ocrx_word' id='word_1_121' title='bbox 462 1886 515 1950; x_wconf 92' lang='lat' dir='ltr'>his</span> <span class='ocrx_word' id='word_1_122' title='bbox 540 1886 642 1951; x_wconf 87' lang='lat' dir='ltr'>bullis</span> <span class='ocrx_word' id='word_1_123' title='bbox 668 1886 876 1974; x_wconf 86' lang='lat' dir='ltr'>repugnavit,</span> <span class='ocrx_word' id='word_1_124' title='bbox 907 1897 944 1950; x_wconf 91' lang='lat' dir='ltr'>ut</span> <span class='ocrx_word' id='word_1_125' title='bbox 974 1886 1186 1952; x_wconf 86' lang='lat' dir='ltr'>exclamaret:</span> <span class='ocrx_word' id='word_1_126' title='bbox 1210 1886 1373 1964; x_wconf 88' lang='lat' dir='ltr'>„Haereo,</span> <span class='ocrx_word' id='word_1_127' title='bbox 1485 1899 1486 1904; x_wconf 76' lang='grc'>’</span> 
     </span>
    </p>
   </div>
   <div class='ocr_carea' id='block_1_4' title="bbox 162 1988 1374 3938">
    <p class='ocr_par' dir='ltr' id='par_1_4' title="bbox 162 1988 1374 3938">
     <span class='ocr_line' id='line_1_17' title="bbox 169 1988 1372 2077; baseline 0 -23"><span class='ocrx_word' id='word_1_128' title='bbox 169 1991 284 2069; x_wconf 89' lang='lat' dir='ltr'>fateor,</span> <span class='ocrx_word' id='word_1_129' title='bbox 308 1990 367 2055; x_wconf 91' lang='lat' dir='ltr'>sed</span> <span class='ocrx_word' id='word_1_130' title='bbox 389 1990 471 2077; x_wconf 90' lang='lat' dir='ltr'>quid</span> <span class='ocrx_word' id='word_1_131' title='bbox 492 1989 534 2054; x_wconf 89' lang='lat' dir='ltr'>ad</span> <span class='ocrx_word' id='word_1_132' title='bbox 550 1990 735 2055; x_wconf 81' lang='lat' dir='ltr'>doctriuam</span> <span class='ocrx_word' id='word_1_133' title='bbox 756 1989 869 2054; x_wconf 81' lang='lat' dir='ltr'>Sancti</span> <span class='ocrx_word' id='word_1_134' title='bbox 890 1989 1148 2076; x_wconf 78' lang='lat' dir='ltr'>Augustiui¹)?“</span> <span class='ocrx_word' id='word_1_135' title='bbox 1192 1988 1372 2077; x_wconf 86' lang='lat' dir='ltr'>AugustIni</span> 
     </span>
     <span class='ocr_line' id='line_1_18' title="bbox 171 2093 1373 2179; baseline -0.002 -21"><span class='ocrx_word' id='word_1_136' title='bbox 171 2115 304 2169; x_wconf 91' lang='lat' dir='ltr'>nomen,</span> <span class='ocrx_word' id='word_1_137' title='bbox 340 2093 388 2158; x_wconf 92' lang='lat' dir='ltr'>uti</span> <span class='ocrx_word' id='word_1_138' title='bbox 412 2093 482 2179; x_wconf 88' lang='lat' dir='ltr'>jam</span> <span class='ocrx_word' id='word_1_139' title='bbox 513 2093 782 2168; x_wconf 88' lang='lat' dir='ltr'>observavimus,</span> <span class='ocrx_word' id='word_1_140' title='bbox 814 2093 1024 2178; x_wconf 85' lang='lat' dir='ltr'>praeposuit,</span> <span class='ocrx_word' id='word_1_141' title='bbox 1054 2115 1157 2178; x_wconf 91' lang='lat' dir='ltr'>quum</span> <span class='ocrx_word' id='word_1_142' title='bbox 1186 2115 1226 2157; x_wconf 90' lang='lat' dir='ltr'>eo</span> <span class='ocrx_word' id='word_1_143' title='bbox 1258 2114 1373 2178; x_wconf 89' lang='lat' dir='ltr'>puram</span> 
     </span>
     <span class='ocr_line' id='line_1_19' title="bbox 169 2195 1370 2284; baseline 0 -24"><span class='ocrx_word' id='word_1_144' title='bbox 169 2197 201 2261; x_wconf 88' lang='lat' dir='ltr'>S.</span> <span class='ocrx_word' id='word_1_145' title='bbox 218 2195 395 2284; x_wconf 87' lang='lat' dir='ltr'>Augustini</span> <span class='ocrx_word' id='word_1_146' title='bbox 418 2196 625 2282; x_wconf 87' lang='lat' dir='ltr'>disciplinam</span> <span class='ocrx_word' id='word_1_147' title='bbox 649 2220 689 2260; x_wconf 84' lang='lat' dir='ltr'>ex</span> <span class='ocrx_word' id='word_1_148' title='bbox 711 2196 901 2283; x_wconf 89' lang='lat' dir='ltr'>quingentis</span> <span class='ocrx_word' id='word_1_149' title='bbox 923 2196 1018 2260; x_wconf 87' lang='lat' dir='ltr'>annis</span> <span class='ocrx_word' id='word_1_150' title='bbox 1039 2195 1251 2283; x_wconf 86' lang='lat' dir='ltr'>incognitam,</span> <span class='ocrx_word' id='word_1_151' title='bbox 1276 2195 1370 2261; x_wconf 93' lang='lat' dir='ltr'>adul·</span> 
     </span>
     <span class='ocr_line' id='line_1_20' title="bbox 168 2299 1374 2386; baseline -0.001 -22"><span class='ocrx_word' id='word_1_152' title='bbox 168 2307 313 2376; x_wconf 83' lang='lat' dir='ltr'>teretem,</span> <span class='ocrx_word' id='word_1_153' title='bbox 333 2300 481 2364; x_wconf 87' lang='lat' dir='ltr'>vitiatam</span> <span class='ocrx_word' id='word_1_154' title='bbox 497 2301 676 2364; x_wconf 86' lang='lat' dir='ltr'>restaurari</span> <span class='ocrx_word' id='word_1_155' title='bbox 692 2307 863 2374; x_wconf 89' lang='lat' dir='ltr'>assereret,</span> <span class='ocrx_word' id='word_1_156' title='bbox 887 2321 984 2386; x_wconf 89' lang='lat' dir='ltr'>quam</span> <span class='ocrx_word' id='word_1_157' title='bbox 1000 2309 1038 2363; x_wconf 93' lang='lat' dir='ltr'>ut</span> <span class='ocrx_word' id='word_1_158' title='bbox 1054 2299 1151 2384; x_wconf 87' lang='lat' dir='ltr'>plane</span> <span class='ocrx_word' id='word_1_159' title='bbox 1167 2300 1374 2386; x_wconf 79' lang='lat' dir='ltr'>perspiceret</span> 
     </span>
     <span class='ocr_line' id='line_1_21' title="bbox 166 2402 1371 2490; baseline 0.002 -22"><span class='ocrx_word' id='word_1_160' title='bbox 166 2411 267 2490; x_wconf 89' lang='lat' dir='ltr'>atque</span> <span class='ocrx_word' id='word_1_161' title='bbox 290 2403 480 2490; x_wconf 84' lang='lat' dir='ltr'>integraret,</span> <span class='ocrx_word' id='word_1_162' title='bbox 510 2404 690 2468; x_wconf 90' lang='lat' dir='ltr'>multorum</span> <span class='ocrx_word' id='word_1_163' title='bbox 720 2425 881 2468; x_wconf 88' lang='lat' dir='ltr'>annorum</span> <span class='ocrx_word' id='word_1_164' title='bbox 913 2424 1015 2486; x_wconf 89' lang='lat' dir='ltr'>opera</span> <span class='ocrx_word' id='word_1_165' title='bbox 1040 2403 1198 2488; x_wconf 88' lang='lat' dir='ltr'>impensa,</span> <span class='ocrx_word' id='word_1_166' title='bbox 1229 2402 1371 2470; x_wconf 86' lang='lat' dir='ltr'>maximo</span> 
     </span>
     <span class='ocr_line' id='line_1_22' title="bbox 164 2505 1372 2592; baseline -0.001 -22"><span class='ocrx_word' id='word_1_167' title='bbox 164 2507 280 2572; x_wconf 87' lang='lat' dir='ltr'>labore</span> <span class='ocrx_word' id='word_1_168' title='bbox 310 2515 521 2592; x_wconf 86' lang='lat' dir='ltr'>consumpto,</span> <span class='ocrx_word' id='word_1_169' title='bbox 551 2506 718 2570; x_wconf 84' lang='lat' dir='ltr'>immensis</span> <span class='ocrx_word' id='word_1_170' title='bbox 749 2505 869 2571; x_wconf 90' lang='lat' dir='ltr'>studiis</span> <span class='ocrx_word' id='word_1_171' title='bbox 895 2505 1065 2582; x_wconf 70' lang='lat' dir='ltr'>adhibitis</span> <span class='ocrx_word' id='word_1_172' title='bbox 1094 2505 1180 2570; x_wconf 89' lang='lat' dir='ltr'>fusis</span> <span class='ocrx_word' id='word_1_173' title='bbox 1208 2506 1372 2573; x_wconf 76' lang='lat' dir='ltr'>Instanter</span> 
     </span>
     <span class='ocr_line' id='line_1_23' title="bbox 164 2608 1370 2696; baseline -0.003 -21"><span class='ocrx_word' id='word_1_174' title='bbox 164 2615 396 2696; x_wconf 90' lang='lat' dir='ltr'>perpetuoque</span> <span class='ocrx_word' id='word_1_175' title='bbox 418 2608 462 2674; x_wconf 91' lang='lat' dir='ltr'>ad</span> <span class='ocrx_word' id='word_1_176' title='bbox 485 2609 581 2674; x_wconf 91' lang='lat' dir='ltr'>deum</span> <span class='ocrx_word' id='word_1_177' title='bbox 605 2609 769 2694; x_wconf 72' lang='lat' dir='ltr'>precibus</span> <span class='ocrx_word' id='word_1_178' title='bbox 798 2609 919 2684; x_wconf 88' lang='lat' dir='ltr'>decies,</span> <span class='ocrx_word' id='word_1_179' title='bbox 942 2608 1053 2684; x_wconf 71' lang='lat' dir='ltr'>vicies</span> <span class='ocrx_word' id='word_1_180' title='bbox 1077 2621 1110 2672; x_wconf 89' lang='lat' dir='ltr'>et</span> <span class='ocrx_word' id='word_1_181' title='bbox 1131 2609 1242 2674; x_wconf 86' lang='lat' dir='ltr'>tricies</span> <span class='ocrx_word' id='word_1_182' title='bbox 1265 2609 1370 2672; x_wconf 92' lang='lat' dir='ltr'>libros</span> 
     </span>
     <span class='ocr_line' id='line_1_24' title="bbox 164 2710 1370 2800; baseline -0.004 -21"><span class='ocrx_word' id='word_1_183' title='bbox 164 2712 426 2800; x_wconf 87' lang='lat' dir='ltr'>Augustinianos</span> <span class='ocrx_word' id='word_1_184' title='bbox 446 2712 605 2797; x_wconf 87' lang='lat' dir='ltr'>imprimis</span> <span class='ocrx_word' id='word_1_185' title='bbox 626 2719 743 2777; x_wconf 89' lang='lat' dir='ltr'>contra</span> <span class='ocrx_word' id='word_1_186' title='bbox 763 2711 963 2798; x_wconf 87' lang='lat' dir='ltr'>Pelagianos</span> <span class='ocrx_word' id='word_1_187' title='bbox 985 2713 1130 2797; x_wconf 90' lang='lat' dir='ltr'>scriptos</span> <span class='ocrx_word' id='word_1_188' title='bbox 1145 2711 1277 2794; x_wconf 73' lang='lat' dir='ltr'>Iegit²l,</span> <span class='ocrx_word' id='word_1_189' title='bbox 1300 2710 1370 2776; x_wconf 80' lang='lat' dir='ltr'>fere</span> 
     </span>
     <span class='ocr_line' id='line_1_25' title="bbox 163 2814 1368 2901; baseline 0 -21"><span class='ocrx_word' id='word_1_190' title='bbox 163 2816 247 2882; x_wconf 89' lang='lat' dir='ltr'>nihil</span> <span class='ocrx_word' id='word_1_191' title='bbox 262 2815 363 2892; x_wconf 88' lang='lat' dir='ltr'>aliud,</span> <span class='ocrx_word' id='word_1_192' title='bbox 379 2815 466 2880; x_wconf 87' lang='lat' dir='ltr'>sicut</span> <span class='ocrx_word' id='word_1_193' title='bbox 482 2816 536 2891; x_wconf 89' lang='lat' dir='ltr'>ait,</span> <span class='ocrx_word' id='word_1_194' title='bbox 550 2823 737 2892; x_wconf 84' lang='lat' dir='ltr'>assecutus,</span> <span class='ocrx_word' id='word_1_195' title='bbox 754 2837 852 2901; x_wconf 90' lang='lat' dir='ltr'>quam</span> <span class='ocrx_word' id='word_1_196' title='bbox 868 2821 905 2880; x_wconf 92' lang='lat' dir='ltr'>ut</span> <span class='ocrx_word' id='word_1_197' title='bbox 919 2814 1128 2900; x_wconf 89' lang='lat' dir='ltr'>intelligeret,</span> <span class='ocrx_word' id='word_1_198' title='bbox 1145 2815 1177 2880; x_wconf 92' lang='lat' dir='ltr'>in</span> <span class='ocrx_word' id='word_1_199' title='bbox 1191 2821 1368 2900; x_wconf 87' lang='lat' dir='ltr'>penetran-</span> 
     </span>
     <span class='ocr_line' id='line_1_26' title="bbox 162 2917 1365 3002; baseline -0.004 -17"><span class='ocrx_word' id='word_1_200' title='bbox 162 2920 214 2985; x_wconf 91' lang='lat' dir='ltr'>dis</span> <span class='ocrx_word' id='word_1_201' title='bbox 232 2917 266 2984; x_wconf 88' lang='lat' dir='ltr'>S.</span> <span class='ocrx_word' id='word_1_202' title='bbox 283 2918 391 2984; x_wconf 88' lang='lat' dir='ltr'>Patris</span> <span class='ocrx_word' id='word_1_203' title='bbox 408 2919 572 3002; x_wconf 87' lang='lat' dir='ltr'>mysteriis</span> <span class='ocrx_word' id='word_1_204' title='bbox 586 2941 605 2982; x_wconf 93' lang='lat' dir='ltr'>a</span> <span class='ocrx_word' id='word_1_205' title='bbox 617 2917 860 2984; x_wconf 87' lang='lat' dir='ltr'>recentioribus</span> <span class='ocrx_word' id='word_1_206' title='bbox 877 2917 1052 2982; x_wconf 89' lang='lat' dir='ltr'>multifarie</span> <span class='ocrx_word' id='word_1_207' title='bbox 1068 2917 1234 2984; x_wconf 89' lang='lat' dir='ltr'>deviatum</span> <span class='ocrx_word' id='word_1_208' title='bbox 1250 2917 1365 2984; x_wconf 87' lang='lat' dir='ltr'>fuisse.</span> 
     </span>
     <span class='ocr_line' id='line_1_27' title="bbox 165 3020 1369 3108; baseline -0.001 -21"><span class='ocrx_word' id='word_1_209' title='bbox 165 3022 372 3108; x_wconf 85' lang='lat' dir='ltr'>Quamquam</span> <span class='ocrx_word' id='word_1_210' title='bbox 393 3020 475 3086; x_wconf 89' lang='lat' dir='ltr'>alias</span> <span class='ocrx_word' id='word_1_211' title='bbox 495 3028 634 3086; x_wconf 89' lang='lat' dir='ltr'>econtra</span> <span class='ocrx_word' id='word_1_212' title='bbox 662 3043 698 3086; x_wconf 89' lang='lat' dir='ltr'>se</span> <span class='ocrx_word' id='word_1_213' title='bbox 721 3022 901 3108; x_wconf 88' lang='lat' dir='ltr'>genuinum</span> <span class='ocrx_word' id='word_1_214' title='bbox 926 3029 959 3086; x_wconf 90' lang='lat' dir='ltr'>et</span> <span class='ocrx_word' id='word_1_215' title='bbox 980 3043 1172 3108; x_wconf 89' lang='lat' dir='ltr'>germanum</span> <span class='ocrx_word' id='word_1_216' title='bbox 1195 3021 1369 3089; x_wconf 87' lang='lat' dir='ltr'>doctrinae</span> 
     </span>
     <span class='ocr_line' id='line_1_28' title="bbox 165 3123 1369 3212; baseline -0.001 -22"><span class='ocrx_word' id='word_1_217' title='bbox 165 3124 425 3212; x_wconf 85' lang='lat' dir='ltr'>Augustinianae</span> <span class='ocrx_word' id='word_1_218' title='bbox 441 3147 574 3188; x_wconf 89' lang='lat' dir='ltr'>sensum</span> <span class='ocrx_word' id='word_1_219' title='bbox 591 3125 794 3190; x_wconf 89' lang='lat' dir='ltr'>reseravisse</span> <span class='ocrx_word' id='word_1_220' title='bbox 811 3124 999 3209; x_wconf 87' lang='lat' dir='ltr'>praesumit.</span> <span class='ocrx_word' id='word_1_221' title='bbox 1043 3123 1121 3188; x_wconf 91' lang='lat' dir='ltr'>Non</span> <span class='ocrx_word' id='word_1_222' title='bbox 1137 3123 1275 3191; x_wconf 91' lang='lat' dir='ltr'>multum</span> <span class='ocrx_word' id='word_1_223' title='bbox 1291 3145 1369 3209; x_wconf 89' lang='lat' dir='ltr'>pro-</span> 
     </span>
     <span class='ocr_line' id='line_1_29' title="bbox 166 3226 1371 3314; baseline 0.001 -22"><span class='ocrx_word' id='word_1_224' title='bbox 166 3227 285 3294; x_wconf 85' lang='lat' dir='ltr'>fecisse</span> <span class='ocrx_word' id='word_1_225' title='bbox 307 3249 343 3292; x_wconf 89' lang='lat' dir='ltr'>se</span> <span class='ocrx_word' id='word_1_226' title='bbox 364 3226 541 3291; x_wconf 87' lang='lat' dir='ltr'>confitetur</span> <span class='ocrx_word' id='word_1_227' title='bbox 564 3227 598 3292; x_wconf 92' lang='lat' dir='ltr'>in</span> <span class='ocrx_word' id='word_1_228' title='bbox 621 3227 859 3314; x_wconf 88' lang='lat' dir='ltr'>cognoscenda</span> <span class='ocrx_word' id='word_1_229' title='bbox 878 3234 986 3295; x_wconf 89' lang='lat' dir='ltr'>mente</span> <span class='ocrx_word' id='word_1_230' title='bbox 1007 3227 1039 3291; x_wconf 88' lang='lat' dir='ltr'>S.</span> <span class='ocrx_word' id='word_1_231' title='bbox 1057 3227 1232 3314; x_wconf 86' lang='lat' dir='ltr'>Augustini</span> <span class='ocrx_word' id='word_1_232' title='bbox 1249 3229 1311 3311; x_wconf 89' lang='lat' dir='ltr'>eui,</span> <span class='ocrx_word' id='word_1_233' title='bbox 1333 3236 1371 3293; x_wconf 91' lang='lat' dir='ltr'>ut</span> 
     </span>
     <span class='ocr_line' id='line_1_30' title="bbox 167 3329 1371 3418; baseline 0.001 -23"><span class='ocrx_word' id='word_1_234' title='bbox 167 3331 225 3407; x_wconf 91' lang='lat' dir='ltr'>ait,</span> <span class='ocrx_word' id='word_1_235' title='bbox 255 3329 382 3396; x_wconf 90' lang='lat' dir='ltr'>nullum</span> <span class='ocrx_word' id='word_1_236' title='bbox 411 3329 596 3417; x_wconf 88' lang='lat' dir='ltr'>ingenium,</span> <span class='ocrx_word' id='word_1_237' title='bbox 627 3353 737 3417; x_wconf 89' lang='lat' dir='ltr'>neque</span> <span class='ocrx_word' id='word_1_238' title='bbox 767 3331 932 3418; x_wconf 87' lang='lat' dir='ltr'>ingenium</span> <span class='ocrx_word' id='word_1_239' title='bbox 962 3329 1068 3416; x_wconf 89' lang='lat' dir='ltr'>ipsius</span> <span class='ocrx_word' id='word_1_240' title='bbox 1096 3329 1286 3394; x_wconf 88' lang='lat' dir='ltr'>Aristotelis</span> <span class='ocrx_word' id='word_1_241' title='bbox 1316 3331 1371 3396; x_wconf 87' lang='lat' dir='ltr'>vel</span> 
     </span>
     <span class='ocr_line' id='line_1_31' title="bbox 168 3431 1371 3520; baseline 0 -22"><span class='ocrx_word' id='word_1_242' title='bbox 168 3431 373 3498; x_wconf 85' lang='lat' dir='ltr'>Archimedis</span> <span class='ocrx_word' id='word_1_243' title='bbox 401 3434 584 3518; x_wconf 86' lang='lat' dir='ltr'>comparari</span> <span class='ocrx_word' id='word_1_244' title='bbox 611 3434 779 3520; x_wconf 78' lang='lat' dir='ltr'>possit²);</span> <span class='ocrx_word' id='word_1_245' title='bbox 811 3433 870 3498; x_wconf 89' lang='lat' dir='ltr'>sed</span> <span class='ocrx_word' id='word_1_246' title='bbox 896 3443 1004 3498; x_wconf 90' lang='lat' dir='ltr'>tamen</span> <span class='ocrx_word' id='word_1_247' title='bbox 1033 3432 1236 3498; x_wconf 86' lang='lat' dir='ltr'>recentiores</span> <span class='ocrx_word' id='word_1_248' title='bbox 1267 3433 1309 3498; x_wconf 94' lang='lat' dir='ltr'>ab</span> <span class='ocrx_word' id='word_1_249' title='bbox 1332 3456 1371 3498; x_wconf 94' lang='lat' dir='ltr'>ea</span> 
     </span>
     <span class='ocr_line' id='line_1_32' title="bbox 169 3535 1369 3614; baseline 0.003 -13"><span class='ocrx_word' id='word_1_250' title='bbox 169 3537 350 3601; x_wconf 90' lang='lat' dir='ltr'>decessisse</span> <span class='ocrx_word' id='word_1_251' title='bbox 379 3543 501 3602; x_wconf 86' lang='lat' dir='ltr'>monet.</span> <span class='ocrx_word' id='word_1_252' title='bbox 560 3536 695 3602; x_wconf 84' lang='lat' dir='ltr'>Summo</span> <span class='ocrx_word' id='word_1_253' title='bbox 726 3537 903 3604; x_wconf 90' lang='lat' dir='ltr'>multorum</span> <span class='ocrx_word' id='word_1_254' title='bbox 936 3559 1097 3601; x_wconf 88' lang='lat' dir='ltr'>annorum</span> <span class='ocrx_word' id='word_1_255' title='bbox 1121 3535 1250 3614; x_wconf 88' lang='lat' dir='ltr'>studio,</span> <span class='ocrx_word' id='word_1_256' title='bbox 1278 3536 1369 3604; x_wconf 88' lang='lat' dir='ltr'>facta</span> 
     </span>
     <span class='ocr_line' id='line_1_33' title="bbox 169 3640 1371 3728; baseline 0.002 -24"><span class='ocrx_word' id='word_1_257' title='bbox 169 3640 266 3704; x_wconf 89' lang='lat' dir='ltr'>toties</span> <span class='ocrx_word' id='word_1_258' title='bbox 288 3640 488 3724; x_wconf 89' lang='lat' dir='ltr'>scriptorum</span> <span class='ocrx_word' id='word_1_259' title='bbox 511 3641 686 3728; x_wconf 90' lang='lat' dir='ltr'>Augustini</span> <span class='ocrx_word' id='word_1_260' title='bbox 705 3641 858 3718; x_wconf 88' lang='lat' dir='ltr'>lectione,</span> <span class='ocrx_word' id='word_1_261' title='bbox 882 3663 951 3706; x_wconf 91' lang='lat' dir='ltr'>non</span> <span class='ocrx_word' id='word_1_262' title='bbox 969 3641 1107 3706; x_wconf 92' lang='lat' dir='ltr'>multum</span> <span class='ocrx_word' id='word_1_263' title='bbox 1129 3647 1317 3706; x_wconf 86' lang='lat' dir='ltr'>assecutum</span> <span class='ocrx_word' id='word_1_264' title='bbox 1335 3663 1371 3707; x_wconf 89' lang='lat' dir='ltr'>se</span> 
     </span>
     <span class='ocr_line' id='line_1_34' title="bbox 168 3741 1367 3831; baseline 0.003 -24"><span class='ocrx_word' id='word_1_265' title='bbox 168 3763 240 3808; x_wconf 89' lang='lat' dir='ltr'>esse</span> <span class='ocrx_word' id='word_1_266' title='bbox 269 3741 439 3818; x_wconf 80' lang='lat' dir='ltr'>concedit3</span> <span class='ocrx_word' id='word_1_267' title='bbox 472 3744 721 3830; x_wconf 88' lang='lat' dir='ltr'>‚‚Augnstinus“</span> <span class='ocrx_word' id='word_1_268' title='bbox 751 3744 835 3809; x_wconf 91' lang='lat' dir='ltr'>liber</span> <span class='ocrx_word' id='word_1_269' title='bbox 863 3745 963 3831; x_wconf 91' lang='lat' dir='ltr'>igitur</span> <span class='ocrx_word' id='word_1_270' title='bbox 992 3766 1059 3810; x_wconf 92' lang='lat' dir='ltr'>non</span> <span class='ocrx_word' id='word_1_271' title='bbox 1089 3744 1173 3809; x_wconf 89' lang='lat' dir='ltr'>tanti</span> <span class='ocrx_word' id='word_1_272' title='bbox 1201 3745 1367 3810; x_wconf 86' lang='lat' dir='ltr'>aestimari</span> 
     </span>
     <span class='ocr_line' id='line_1_35' title="bbox 168 3845 1367 3938; baseline 0.003 -27"><span class='ocrx_word' id='word_1_273' title='bbox 168 3851 288 3932; x_wconf 88' lang='lat' dir='ltr'>potest,</span> <span class='ocrx_word' id='word_1_274' title='bbox 304 3847 421 3932; x_wconf 89' lang='lat' dir='ltr'>quanti</span> <span class='ocrx_word' id='word_1_275' title='bbox 441 3845 590 3912; x_wconf 84' lang='lat' dir='ltr'>dansenii</span> <span class='ocrx_word' id='word_1_276' title='bbox 612 3847 771 3934; x_wconf 88' lang='lat' dir='ltr'>discipuli</span> <span class='ocrx_word' id='word_1_277' title='bbox 786 3847 921 3924; x_wconf 82' lang='lat' dir='ltr'>volunt3</span> <span class='ocrx_word' id='word_1_278' title='bbox 944 3847 1044 3935; x_wconf 88' lang='lat' dir='ltr'>igitur</span> <span class='ocrx_word' id='word_1_279' title='bbox 1059 3846 1242 3914; x_wconf 89' lang='lat' dir='ltr'>adversarii</span> <span class='ocrx_word' id='word_1_280' title='bbox 1257 3870 1367 3938; x_wconf 90' lang='lat' dir='ltr'>neque</span> 
     </span>
    </p>
   </div>
   <div class='ocr_carea' id='block_1_5' title="bbox 166 4035 365 4048">
    <p class='ocr_par' dir='ltr' id='par_1_5' title="bbox 166 4035 365 4048">
     <span class='ocr_line' id='line_1_36' title="bbox 166 4035 365 4048; baseline -0.005 0"><span class='ocrx_word' id='word_1_281' title='bbox 166 4035 365 4048; x_wconf 62' lang='lat' dir='ltr'>..a——</span> 
     </span>
    </p>
   </div>
   <div class='ocr_carea' id='block_1_6' title="bbox 166 4133 1368 4291">
    <p class='ocr_par' dir='ltr' id='par_1_6' title="bbox 166 4133 1368 4291">
     <span class='ocr_line' id='line_1_37' title="bbox 234 4133 1368 4212; baseline 0.011 -27"><span class='ocrx_word' id='word_1_282' title='bbox 234 4133 257 4203; x_wconf 87' lang='lat'>¹)</span> <span class='ocrx_word' id='word_1_283' title='bbox 275 4133 444 4205; x_wconf 86' lang='lat' dir='ltr'>Augustinus</span> <span class='ocrx_word' id='word_1_284' title='bbox 460 4136 579 4190; x_wconf 84' lang='lat' dir='ltr'>dansenii</span> <span class='ocrx_word' id='word_1_285' title='bbox 594 4138 611 4190; x_wconf 89' lang='lat' dir='ltr'>I.</span> <span class='ocrx_word' id='word_1_286' title='bbox 629 4141 662 4202; x_wconf 86' lang='grc'>3.,</span> <span class='ocrx_word' id='word_1_287' title='bbox 681 4137 714 4191; x_wconf 92' lang='lat' dir='ltr'>de</span> <span class='ocrx_word' id='word_1_288' title='bbox 732 4145 804 4191; x_wconf 89' lang='lat' dir='ltr'>statu</span> <span class='ocrx_word' id='word_1_289' title='bbox 820 4155 903 4210; x_wconf 89' lang='lat' dir='ltr'>purae</span> <span class='ocrx_word' id='word_1_290' title='bbox 923 4145 1034 4192; x_wconf 87' lang='lat' dir='ltr'>naturae</span> <span class='ocrx_word' id='word_1_291' title='bbox 1052 4156 1073 4192; x_wconf 85' lang='lat' dir='ltr'>c.</span> <span class='ocrx_word' id='word_1_292' title='bbox 1091 4140 1133 4195; x_wconf 73' lang='lat'>22.</span> <span class='ocrx_word' id='word_1_293' title='bbox 1151 4143 1215 4192; x_wconf 88' lang='lat' dir='ltr'>tom.</span> <span class='ocrx_word' id='word_1_294' title='bbox 1233 4141 1258 4196; x_wconf 75' lang='lat'>2.</span> <span class='ocrx_word' id='word_1_295' title='bbox 1270 4157 1297 4212; x_wconf 91' lang='lat' dir='ltr'>p.</span> <span class='ocrx_word' id='word_1_296' title='bbox 1309 4143 1368 4200; x_wconf 84' lang='lat'>403.</span> 
     </span>
     <span class='ocr_line' id='line_1_38' title="bbox 166 4219 498 4291; baseline 0.006 -16"><span class='ocrx_word' id='word_1_297' title='bbox 166 4222 188 4275; x_wconf 76' lang='lat'>2.</span> <span class='ocrx_word' id='word_1_298' title='bbox 203 4219 252 4274; x_wconf 88' lang='lat' dir='ltr'>col.</span> <span class='ocrx_word' id='word_1_299' title='bbox 266 4223 294 4272; x_wconf 91' lang='lat' dir='ltr'>B.</span> <span class='ocrx_word' id='word_1_300' title='bbox 309 4221 381 4291; x_wconf 90' lang='lat' dir='ltr'>apud</span> <span class='ocrx_word' id='word_1_301' title='bbox 396 4222 498 4278; x_wconf 80' lang='lat' dir='ltr'>Toum..</span> 
     </span>
    </p>
   </div>
   <div class='ocr_carea' id='block_1_7' title="bbox 166 4305 1368 4556">
    <p class='ocr_par' dir='ltr' id='par_1_7' title="bbox 166 4305 1368 4556">
     <span class='ocr_line' id='line_1_39' title="bbox 231 4305 1368 4382; baseline 0.007 -22"><span class='ocrx_word' id='word_1_302' title='bbox 231 4307 257 4377; x_wconf 65' lang='grc'>2)</span> <span class='ocrx_word' id='word_1_303' title='bbox 275 4305 406 4362; x_wconf 89' lang='lat' dir='ltr'>Nouvelle</span> <span class='ocrx_word' id='word_1_304' title='bbox 427 4309 587 4382; x_wconf 86' lang='lat' dir='ltr'>Biographie</span> <span class='ocrx_word' id='word_1_305' title='bbox 612 4309 743 4363; x_wconf 76' lang='lat' dir='ltr'>Generale</span> <span class='ocrx_word' id='word_1_306' title='bbox 761 4311 777 4364; x_wconf 93' lang='lat' dir='ltr'>I.</span> <span class='ocrx_word' id='word_1_307' title='bbox 792 4328 813 4363; x_wconf 90' lang='lat' dir='ltr'>c.</span> <span class='ocrx_word' id='word_1_308' title='bbox 828 4341 857 4351; x_wconf 91' lang='lat'>-</span> <span class='ocrx_word' id='word_1_309' title='bbox 872 4311 1105 4364; x_wconf 85' lang='lat' dir='ltr'>Ketzer-Lexikon</span> <span class='ocrx_word' id='word_1_310' title='bbox 1129 4329 1181 4364; x_wconf 91' lang='lat' dir='ltr'>von</span> <span class='ocrx_word' id='word_1_311' title='bbox 1194 4310 1275 4366; x_wconf 91' lang='lat' dir='ltr'>Peter</span> <span class='ocrx_word' id='word_1_312' title='bbox 1286 4313 1368 4380; x_wconf 88' lang='lat' dir='ltr'>Fritz,</span> 
     </span>
     <span class='ocr_line' id='line_1_40' title="bbox 167 4393 1367 4472; baseline 0.009 -28"><span class='ocrx_word' id='word_1_313' title='bbox 167 4393 397 4457; x_wconf 75' lang='lat' dir='ltr'>2.Band‚1.·Abth.</span> <span class='ocrx_word' id='word_1_314' title='bbox 404 4395 559 4468; x_wconf 81' lang='lat' dir='ltr'>Wdrzburg</span> <span class='ocrx_word' id='word_1_315' title='bbox 574 4400 646 4454; x_wconf 79' lang='lat'>1828.</span> <span class='ocrx_word' id='word_1_316' title='bbox 661 4397 688 4450; x_wconf 86' lang='lat' dir='ltr'>S.</span> <span class='ocrx_word' id='word_1_317' title='bbox 704 4396 943 4462; x_wconf 69' lang='lat' dir='ltr'>alt-„Cornelii</span> <span class='ocrx_word' id='word_1_318' title='bbox 955 4398 1082 4462; x_wconf 83' lang='lat' dir='ltr'>dansenii,</span> <span class='ocrx_word' id='word_1_319' title='bbox 1095 4398 1222 4470; x_wconf 83' lang='lat' dir='ltr'>Episcopi</span> <span class='ocrx_word' id='word_1_320' title='bbox 1233 4399 1367 4472; x_wconf 87' lang='lat' dir='ltr'>Yprensis</span> 
     </span>
     <span class='ocr_line' id='line_1_41' title="bbox 166 4480 1186 4556; baseline 0.009 -25"><span class='ocrx_word' id='word_1_321' title='bbox 166 4480 339 4550; x_wconf 87' lang='lat' dir='ltr'>Augustinus.</span> <span class='ocrx_word' id='word_1_322' title='bbox 358 4482 491 4554; x_wconf 88' lang='lat' dir='ltr'>Syuopsis</span> <span class='ocrx_word' id='word_1_323' title='bbox 503 4483 572 4536; x_wconf 86' lang='lat' dir='ltr'>vitae</span> <span class='ocrx_word' id='word_1_324' title='bbox 585 4483 686 4538; x_wconf 85' lang='lat' dir='ltr'>autoris</span> <span class='ocrx_word' id='word_1_325' title='bbox 699 4483 731 4536; x_wconf 89' lang='grc' dir='ltr'>Τ.</span> <span class='ocrx_word' id='word_1_326' title='bbox 747 4489 768 4540; x_wconf 91' lang='lat' dir='ltr'>I.</span> <span class='ocrx_word' id='word_1_327' title='bbox 782 4483 836 4540; x_wconf 86' lang='lat' dir='ltr'>Lib.</span> <span class='ocrx_word' id='word_1_328' title='bbox 850 4485 1003 4554; x_wconf 89' lang='lat' dir='ltr'>prooemial.</span> <span class='ocrx_word' id='word_1_329' title='bbox 1018 4503 1039 4538; x_wconf 91' lang='lat' dir='ltr'>c.</span> <span class='ocrx_word' id='word_1_330' title='bbox 1055 4489 1093 4541; x_wconf 88' lang='lat'>10.</span> <span class='ocrx_word' id='word_1_331' title='bbox 1106 4503 1132 4556; x_wconf 86' lang='lat' dir='ltr'>p.</span> <span class='ocrx_word' id='word_1_332' title='bbox 1149 4487 1186 4541; x_wconf 87' lang='lat'>10.</span> 
     </span>
    </p>
   </div>
   <div class='ocr_carea' id='block_1_8' title="bbox 0 0 1547 5056">
    <p class='ocr_par' dir='ltr' id='par_1_8' title="bbox 0 0 1547 5056">
     <span class='ocr_line' id='line_1_42' title="bbox 0 0 1547 5056; baseline 0 0"><span class='ocrx_word' id='word_1_333' title='bbox 0 0 1547 5056; x_wconf 95' lang='lat' dir='ltr'> </span> 
     </span>
    </p>
   </div>
  </div>
 </body>
</html>
