3084 5056
679 337 720 406 29

89 530 128 608 in
151 543 277 622 iisdem,
303 565 431 630 quasa
453 543 514 610 Pio
538 543 579 606 V.
601 553 634 610 et
657 544 820 632 Gregorio
842 543 932 612 Xlll.
957 543 1129 610 damnatae
1150 541 1301 623 fuissent,

89 647 387 734 propositionibus
416 647 548 712 tuendis
581 669 649 712 non
679 647 764 714 idem
789 655 890 735 atque
918 646 991 733 Baji
1022 669 1141 711 sensus
1170 646 1301 724 suisset,

89 757 164 814 tum
194 749 273 836 quia
303 749 337 814 in
367 749 424 813 illa
453 747 578 814 Urbani
612 751 704 816 bulla
733 751 913 830 diceretur,
942 749 976 816 S.
1006 749 1056 814 Pii
1089 751 1301 814 constitutio·
1383 757 1385 760 ’

88 874 166 916 nem
197 874 271 917 esse
302 851 525 916 confirmatam
556 874 574 916 a
604 853 767 941 Gregorio
797 853 899 932 XIII.‚
934 874 1035 939 quum
1066 860 1245 928 constaret,
1268 853 1301 917 in

88 955 186 1019 bulla
221 955 372 1042 Gregorii
407 955 569 1042 ejusmodi
605 956 863 1022 confirmationis
898 977 964 1020 non
994 955 1192 1020 mentionem
1222 955 1301 1022 ficri.

87 1058 248 1124 Urbanus
272 1058 441 1145 deputatis
464 1057 731 1124 Lovaniensibus
753 1082 812 1145 per
835 1068 902 1124 tres
925 1058 1111 1124 cardinales
1132 1081 1173 1124 ex
1193 1059 1302 1146 inqui-

87 1162 253 1226 sitoribus
277 1161 419 1242 electos,
443 1161 567 1249 quibus
598 1164 705 1228 omnia
737 1161 956 1228 examinanda
986 1171 1140 1226 accurate
1169 1162 1303 1226 mandu-

86 1273 201 1345 verat,
218 1287 258 1330 ex
275 1265 404 1330 scriniis
419 1263 593 1330 Vaticanis
609 1265 853 1353 autographum
871 1264 983 1344 educi,
1007 1263 1175 1350 exemplar
1190 1263 1302 1329 bullae

87 1390 131 1434 ex
156 1367 305 1432 archivio
329 1376 523 1443 extractum,
547 1370 794 1454 transcriptum,
818 1368 1081 1446 collationatum,
1104 1368 1301 1453 impressum

90 1470 359 1558 consignandum
386 1471 515 1536 curavit
540 1471 717 1552 monenda,
748 1493 841 1534 suam
870 1478 1072 1536 mentemst
1095 1469 1300 1552 voluntatem

89 1595 182 1651 esse,
212 1582 251 1638 ut
281 1572 392 1638 bullae
429 1572 595 1639 exhibitae
624 1582 657 1639 et
694 1574 872 1660 exemplari
904 1573 1068 1660 ejusmodi
1102 1572 1300 1660 consignato

89 1677 174 1741 fides
199 1675 423 1755 adhiberetur,
448 1677 601 1740 omnibus
625 1677 770 1764 querelis
794 1676 959 1741 silentium
983 1685 1177 1761 perpetuum
1193 1676 1300 1761 impo-

90 1786 240 1860 neretur,
259 1789 359 1866 atque
383 1779 488 1844 cuivis
511 1779 636 1845 homini
659 1781 894 1857 insinuaretur,
918 1777 1108 1865 pontificem
1132 1799 1300 1865 nunquam

89 1882 218 1946 bullam
246 1904 454 1970 quacumque
482 1891 575 1968 parte
601 1884 762 1966 revocari,
786 1884 937 1970 mitigari,
961 1882 1107 1946 imminui
1127 1903 1302 1968 passurum

91 2007 177 2050 esse.
222 1985 375 2050 Attamen
392 1986 527 2071 assequi
543 2007 610 2050 non
628 1987 749 2071 potuit,
766 1993 935 2072 potestate
952 1984 1114 2050 saeculari
1130 1988 1302 2066 renitente,

90 2096 130 2152 ut
154 2089 350 2153 constitutio
372 2089 406 2152 in
429 2088 545 2175 Belgio
570 2089 765 2154 solemniter
788 2088 1067 2175 promulgaretur,
1091 2109 1191 2175 quum
1207 2089 1301 2152 multi

91 2191 170 2255 libri
199 2189 390 2256 Janseniani
418 2190 612 2258 defensores
640 2194 841 2257 exsisterent
867 2201 900 2256 et
925 2191 1117 2256 molitiones
1144 2192 1302 2278 politicae

92 2294 221 2358 animos
256 2293 499 2380 perturbarent.
560 2294 625 2375 Qui
656 2296 821 2360 successit
850 2295 1067 2360 Innocentius
1095 2294 1139 2362 X.
1170 2295 1301 2360 tandem

90 2393 181 2462 anno
205 2397 295 2464 1648.
320 2399 518 2484 impetravit,
540 2409 577 2464 ut
598 2400 769 2486 publicata
789 2399 1002 2485 reciperetur,
1025 2399 1179 2484 imposita
1196 2399 1300 2464 omni·

90 2502 156 2564 bus
178 2500 218 2564 ad
239 2523 360 2566 munus
383 2500 522 2587 aliquod
544 2503 769 2588 aspirantibus
790 2502 875 2588 lege,
893 2512 929 2567 ut
951 2504 1088 2588 propria
1109 2501 1301 2590 syngrapha

90 2625 129 2668 ae
139 2605 330 2690 juramento
352 2611 571 2669 testarentur:
594 2627 651 2685 „se
674 2605 900 2693 obsequentes
922 2627 996 2669 esse
1012 2605 1046 2669 S.
1061 2605 1100 2674 R.
1117 2605 1299 2682 Ecclesiae,

91 2715 124 2772 et
139 2707 172 2776 S.
190 2707 230 2772 D.
245 2706 286 2772 N.
303 2707 500 2772 Innocentio
522 2707 563 2772 X.
578 2708 732 2774 Pontifici
754 2709 918 2784 Romano,
942 2716 976 2772 et
997 2716 1171 2794 acceptare
1187 2707 1301 2774 debita

91 2809 281 2875 obedientia
298 2809 578 2875 Constitutionem
601 2809 738 2886 Urbani,
754 2812 786 2875 in
805 2833 872 2897 qua
888 2811 1071 2888 damnatur,
1094 2822 1127 2876 et
1141 2812 1300 2897 prohibe·

90 2925 146 2979 tur
166 2912 269 2978 Liber
283 2912 466 2988 Jansenii‚“
490 2923 522 2978 et
537 2912 625 2978 facta
643 2915 684 2978 ab
701 2914 869 2978 academia
887 2913 1044 2978 Duacena
1060 2913 1299 2981 declaratione:

90 3017 312 3095 „Censuimus
336 3017 565 3080 communibus
582 3015 747 3106 suflragiis
764 3017 946 3081 humillime
963 3039 1053 3082 suam
1071 3017 1298 3084 celsitudinem

88 3119 282 3206 rogandam,
306 3129 344 3184 ut
367 3129 485 3207 pergat
506 3118 690 3186 doctrinam
713 3121 801 3185 illam
824 3120 1056 3185 Janseuianam
1081 3123 1168 3186 serio
1199 3124 1298 3187 extir-

89 3244 181 3309 pare,
198 3244 265 3310 qua
279 3244 489 3323 nequaquam
507 3223 647 3289 docetur
662 3245 754 3288 mens
772 3224 860 3288 beati
876 3223 1054 3310 Augustini
1066 3223 1126 3309 ¹).“

154 3325 282 3390 Eodem
311 3333 460 3412 tempore
489 3326 523 3390 in
553 3325 811 3393 Franco-Gallia
834 3327 982 3392 haeresis
1013 3335 1206 3414 oppugnata
1237 3340 1297 3394 est.

91 3427 228 3492 Parisiis
240 3429 377 3493 Isaaeus
389 3427 570 3508 Habertus,
582 3429 712 3496 Doctor
722 3431 943 3506 Sorbonicus,
962 3429 1121 3496 eeclesiae
1135 3432 1298 3497 Parisien-

90 3531 146 3596 sis
162 3531 352 3620 theologus,
374 3541 492 3618 postea
514 3533 905 3621 episcopus-Vavrensis,
928 3533 1164 3600 infestissimus
1180 3536 1298 3602 adver·

90 3634 200 3699 sarius
216 3637 329 3701 evasit,
376 3635 435 3700 Cui
452 3635 644 3723 Richelejus
661 3637 857 3716 Cardinalis,
881 3646 952 3703 turn
967 3661 1074 3706 rerum
1090 3637 1298 3724 publicarum

89 3737 303 3826 gubernator,
327 3738 478 3804 minister
499 3741 620 3827 regius,
652 3741 918 3828 ,‚Augrrstinrrm“
946 3741 1064 3806 librum
1087 3741 1297 3808 refutandum

88 3841 276 3922 tradiditll.
321 3841 445 3907 Tribus
468 3845 675 3909 orationibus
697 3845 731 3910 in
755 3845 895 3910 ecelesia
911 3843 1092 3910 cathedrali
1109 3867 1198 3910 auno
1216 3845 1297 3912 1642

89 3954 123 4010 et
140 3943 231 4010 1643.
255 3944 379 4013 habitis
394 3945 564 4012 Habertus
579 3948 693 4034 coepit
707 3948 946 4030 demonstrare,
967 3947 1124 4014 Sanctum
1141 3951 1298 4037 Augusti·

7 4069 10 4092 ³
91 4069 166 4112 uum
180 4071 198 4112 a
210 4047 371 4114 Jansenio
388 4049 472 4128 male
488 4072 561 4115 esse
579 4051 793 4132 intellectum,
809 4052 898 4118 falso
915 4051 1126 4139 explicatum,
1141 4075 1297 4140 perverse

93 4151 239 4235 citatum,
251 4151 577 4240 Janseniauosipsos
589 4154 760 4242 deceptos.
785 4156 910 4223 Contra
920 4157 1100 4222 Antonium
1115 4156 1297 4225 Arnaldum

161 4410 183 4482 ¹)
203 4379 323 4464 Histoire
335 4406 460 4481 generale
474 4409 508 4464 dn
520 4406 696 4478 Jansenisme,
709 4427 731 4466 r.
745 4409 761 4466 l.
774 4427 800 4482 p.
814 4412 873 4468 219.
887 4406 1000 4478 liecurt,
1012 4423 1074 4485 pag.
1087 4417 1128 4473 31.
1141 4431 1183 4488 ap.
1193 4410 1294 4471 Toum.

91 4583 102 4643 ¹
127 4496 344 4645 quh'gouppgly
361 4499 376 4553 l.
396 4515 417 4552 e.
435 4497 669 4554 Komar-Lexikon
687 4517 739 4554 ron
759 4497 839 4552 Peter
851 4497 931 4566 Fritz,
944 4499 1106 4576 Wsrrnburg,
1121 4505 1195 4572 1828,
1208 4505 1232 4562 2.
1245 4503 1293 4572 Ba,
