3050 5046
733 283 792 353 131

159 489 259 569 coeli,
283 491 324 555 ab
349 513 460 556 errore
483 499 516 556 et
539 491 661 554 delicto
685 513 804 575 putee,
829 490 869 554 ad
893 489 990 555 deum
1007 492 1233 577 superomnia
1250 513 1362 559 aman-

158 595 234 658 dum
258 603 409 680 paratus,
434 595 475 659 ad
500 616 600 680 opera
624 595 791 658 meritoria
806 593 1005 678 perficienda
1022 605 1136 680 aptuS,
1161 620 1237 662 vere
1246 599 1362 683 justus

157 709 191 762 et
213 709 360 764 sanetus.
410 697 602 774 „Faciamus
625 695 790 761 hominem
814 698 855 761 ad
878 699 1050 782 imaginem
1067 711 1100 762 et
1115 698 1362 764 similitudinem

155 801 386 881 nostram¹)!“
410 801 456 864 ait
477 800 641 874 dominus,
666 822 752 886 quae
768 800 871 865 verba
892 800 990 864 donis
1013 802 1230 879 naturalibus,
1254 817 1362 868 mente

156 914 191 967 et
213 904 401 980 voluntate,
425 904 478 968 dei
500 904 656 989 imagine,
680 941 720 949 —
744 912 778 967 et
792 904 1115 988 supernaturalibus,
1139 906 1315 970 sanctitate
1331 915 1364 969 et

148 1007 283 1093 justitia
300 1007 462 1091 originali,
486 1006 539 1071 dei
556 1006 778 1082 similitudine,
795 1044 835 1052 -
852 1007 1040 1092 primaevos
1057 1008 1207 1073 homines
1224 1019 1362 1074 ornatos

154 1109 261 1174 fuisse
299 1110 493 1197 significant.
561 1108 661 1188 Quod
698 1111 935 1195 comprobatur
972 1133 1032 1186 ec,
1078 1112 1170 1198 quod
1207 1112 1362 1198 legimus:

156 1211 395 1290 „Solummodo
411 1213 477 1277 hoc
492 1213 613 1290 inveni,
637 1213 729 1300 quod
751 1213 867 1277 fecerit
882 1213 965 1278 deus
980 1213 1144 1278 hominem
1160 1214 1362 1298 rectum²);“

155 1318 237 1380 etin
254 1316 395 1400 epistola
412 1337 449 1380 ae
464 1314 687 1400 Ephesios³):
712 1317 948 1400 „Renovamini
965 1319 1082 1400 spiritu
1098 1318 1217 1382 mentis
1232 1327 1363 1384 vestrae

155 1429 190 1482 et
211 1419 338 1483 induite
361 1441 485 1483 novum
508 1419 683 1492 hominem,
708 1419 765 1504 qui
789 1419 969 1484 secundum
994 1420 1090 1486 deum
1115 1431 1246 1485 creatus
1263 1421 1363 1486 estin

152 1523 283 1609 justitia
297 1535 330 1586 et
345 1523 521 1586 sanctitate
537 1520 759 1598 veritatis⁴t.“

218 1624 352 1700 Mentis
376 1625 525 1706 rationis,
548 1624 643 1688 liberi
659 1623 785 1687 arbitrii
803 1624 970 1708 particeps
986 1624 1087 1688 homo
1103 1625 1209 1709 finem,
1235 1626 1362 1712 quoad

156 1727 294 1792 salutem
319 1727 492 1791 ordinatus
516 1739 582 1804 est,
606 1727 742 1813 assequi
764 1726 886 1804 valuit3
918 1749 1011 1790 mens
1034 1750 1140 1792 rerum
1165 1729 1360 1806 divinarum,

155 1831 341 1908 moralium,
379 1830 577 1894 naturalium
611 1830 803 1916 cognitione
837 1831 1016 1903 instructa,
1053 1831 1211 1895 voluntas
1249 1833 1362 1918 pravis

155 1933 329 1998 affectibus
352 1933 522 2019 expedita,
546 1932 744 1997 inordinatis
765 1933 910 1996 motibus
925 1933 1083 2009 liberata,
1106 1934 1209 1998 divini
1225 1936 1362 2020 spiritus

154 2037 269 2101 afflatu
292 2038 442 2114 animata,
466 2037 565 2101 animi
588 2035 812 2124 tranquillitas
832 2035 967 2110 firmata,
992 2059 1115 2122 eorpus
1136 2038 1266 2121 spiritui
1282 2039 1362 2102 sub·

154 2141 268 2216 ditum,
292 2141 429 2226 spiritus
452 2140 515 2204 deo
541 2140 721 2226 subjectus,
745 2139 915 2224 appetitus
937 2140 1065 2204 animae
1086 2139 1263 2217 inferioris,
1288 2161 1361 2205 cor·

153 2245 247 2331 poris
268 2244 411 2328 impetus
433 2243 555 2306 rationi
570 2243 747 2320 subactus3
772 2243 888 2329 (gratia
904 2243 1125 2328 integritatis.)
1148 2243 1218 2307 vita
1239 2253 1362 2308 morta·

154 2345 259 2411 litatis
282 2347 511 2433 cujuscunque
533 2347 684 2412 miseriae
701 2357 820 2431 expers
836 2345 909 2410 fuit.
954 2344 1082 2426 (Gratia
1098 2346 1223 2410 animae
1240 2356 1273 2412 et
1287 2368 1361 2412 eor·

153 2451 270 2537 poris.)

217 2553 391 2638 Ejusmodi
407 2575 486 2638 vero
509 2560 617 2616 status
639 2549 918 2636 supernaturalis,
941 2551 1117 2627 sauctitas,
1139 2553 1313 2640 integritas
1329 2563 1362 2618 et

153 2656 302 2743 reliquae
325 2657 461 2720 eximiae
481 2655 578 2719 dotes
594 2663 661 2718 tum
680 2655 806 2718 animae
821 2664 890 2718 tum
906 2655 1058 2740 corporis
1074 2677 1146 2718 cum
1164 2655 1222 2719 illa
1238 2657 1360 2720 sancti-

153 2769 220 2824 tate
244 2759 443 2845 coujunctae
470 2757 558 2823 dona
584 2769 662 2822 sunt
685 2779 726 2821 ex
749 2757 822 2820 sola
844 2756 898 2821 dei
920 2757 1082 2822 charitate
1106 2769 1139 2822 et
1160 2758 1359 2824 liberalitate

153 2861 388 2948 superaddita3
417 2861 587 2948 originalis
604 2861 736 2947 justitia
759 2861 829 2925 sive
852 2861 958 2947 gratia
985 2860 1197 2926 sanctificans
1218 2861 1359 2948 primum

152 2965 318 3029 hominem
342 2986 444 3050 supra
467 2975 619 3029 naturam
642 2964 792 3041 elevans,
815 2963 988 3050 integritas
1008 2963 1184 3029 inferiores
1206 2967 1357 3051 corporis

151 3069 240 3133 vires
260 3069 396 3142 rationi,
420 3069 580 3133 rationem
602 3068 665 3132 deo
683 3066 844 3143 subdens,
866 3067 1028 3131 naturalis
1045 3076 1078 3132 et
1094 3069 1359 3152 supernaturalis

152 3173 290 3237 scientia
305 3180 406 3258 atque
421 3171 651 3235 immortalitas
668 3194 740 3234 cum
758 3171 876 3235 ceteris
898 3170 995 3234 donis
1011 3170 1148 3235 adnexis
1164 3172 1206 3236 ad
1222 3181 1359 3236 naturae

152 3277 328 3340 essentiam
343 3296 413 3339 non
426 3276 603 3361 pertinent,
628 3275 656 3337 ei
676 3296 744 3338 non
760 3273 891 3338 debitae
907 3284 994 3350 sunt,
1019 3296 1059 3338 ex
1076 3273 1269 3338 conditione
1286 3274 1357 3359 ejus

149 3400 219 3444 non
247 3379 436 3443 necessario
466 3377 652 3463 profluunt,
682 3377 753 3440 sine
783 3376 849 3440 illis
880 3385 967 3440 stare
996 3377 1125 3464 integra
1149 3391 1181 3442 et
1208 3375 1356 3463 perfecta

151 3491 264 3568 potest
286 3482 429 3546 humana
451 3490 578 3544 natura.
624 3479 791 3544 Sanctitas
808 3489 841 3543 et
856 3479 954 3543 dotes
970 3479 999 3544 ei
1015 3481 1214 3567 conjunctae
1231 3479 1356 3545 charis-

150 3595 239 3650 mata
267 3584 532 3670 supernaturalia
558 3592 650 3659 sunt,
680 3593 787 3647 status
813 3583 869 3647 ille
892 3583 1062 3672 originalis
1083 3584 1174 3648 Adae
1195 3606 1264 3648 nou
1286 3593 1357 3648 erat

151 3688 298 3754 debitus:
341 3689 441 3751 homo
466 3688 568 3775 igitur
591 3687 765 3773 peccando
792 3686 876 3750 nibil
905 3709 1018 3752 eorum
1045 3687 1169 3763 amisit,
1199 3709 1285 3774 quae
1313 3687 1353 3750 ad

150 3801 288 3856 naturae
303 3791 465 3856 humanae
481 3791 657 3854 essentiam
670 3791 824 3854 absolute
840 3791 1014 3876 pertinent.
1035 3790 1085 3855 Ita
1097 3800 1205 3856 status
1218 3799 1355 3855 naturae

150 3917 262 3972 sanae,
285 3896 380 3960 aliter
395 3903 503 3959 status
518 3903 656 3958 naturae
669 3893 795 3978 lapsae.

210 4000 322 4064 Homo
337 4008 478 4085 peccato
495 4005 685 4084 perpetrato
696 3997 829 4083 justitia
844 4003 877 4060 et
892 3996 1069 4060 sanctitate
1086 3987 1238 4083 originali
1253 4004 1355 4082 atque

147 4103 337 4190 integritate
366 4101 563 4180 destitutus,
601 4100 720 4166 exinde
750 4099 966 4186 spiritualiter
994 4107 1160 4178 mortona,
1196 4099 1353 4186 injustus,

147 4277 347 4290 ...u-‘⁴⁶‘-

217 4362 241 4432 1)
260 4360 326 4414 Gen.
342 4363 364 4426 l,
378 4363 419 4417 26.
453 4360 480 4429 2)
498 4357 653 4412 Ecclesiast.
667 4359 692 4423 l,
705 4361 745 4414 30.
783 4357 807 4429 ³)
826 4355 924 4431 Ephes.
937 4361 962 4424 4,
975 4359 1016 4424 23,
1029 4359 1071 4415 25.

214 4450 240 4514 4)
261 4447 359 4500 Concil.
373 4445 509 4511 Arausio,
525 4446 648 4511 Milevit.,
667 4444 780 4515 Orang.;
801 4443 907 4500 Catech.
921 4445 1006 4512 Rom,
1018 4441 1127 4500 Vratisl.
1143 4443 1227 4512 1737,
1244 4459 1308 4515 pars
1321 4442 1351 4509 Ῑ.,

146 4551 203 4614 cap.
217 4537 250 4603 2„
268 4552 295 4610 p.
308 4537 358 4603 26,
377 4533 399 4604 5.
414 4537 468 4604 ra,
489 4532 569 4589 Cone.
582 4531 656 4588 Trid.
670 4549 739 4588 sess.
752 4532 786 4590 V.
1150 4615 1188 4682 9*
1350 4557 1356 4566 ·
