3084 5056
720 381 762 446 57

130 587 206 652 sine
230 609 297 674 qna
319 607 388 652 non
410 586 578 673 potuisset
598 587 682 650 bene
703 608 800 673 agere
823 593 855 650 et
877 607 1100 671 perseverare.
1145 584 1338 650 Janseninm

129 700 218 777 puto
246 689 334 754 idem
363 691 494 754 sentire.
541 689 687 754 Gratiam
716 699 824 753 autem
854 688 941 753 hanc
963 689 1096 774 {Adamo
1119 688 1339 753 necessariam

131 794 284 858 nominat
299 794 457 858 auxilium
474 795 566 871 „sinc
578 801 679 880 quo‚“
696 802 728 858 et
743 793 830 856 illam
848 794 986 878 gratiam
1000 793 1165 858 efficacem
1182 790 1341 855 auxilium

132 902 248 984 „qno“
271 897 428 982 appellat,
452 896 565 960 Sancti
588 897 762 982 Augustini
786 895 959 980 professus
982 919 1017 960 se
1039 896 1202 982 consequi
1218 881 1342 958 doctri·

131 1021 226 1076 nam‚
250 1001 306 1086 qui
330 999 363 1063 in
387 1000 474 1064 libro
497 999 538 1063 de
562 1000 772 1085 correptione
795 1010 827 1063 et
849 1001 969 1085 gratia,
994 999 1056 1064 snb
1079 999 1174 1063 finem
1199 998 1286 1063 vitae
1308 998 1342 1060 in

130 1104 241 1168 lucem
265 1102 365 1179 edito,
388 1103 576 1190 Pelagianis
600 1104 756 1176 devictis,
788 1103 870 1166 baec
899 1101 1015 1166 habet:
1046 1102 1144 1187 „Ipsa
1174 1100 1341 1188 adjutoria

131 1206 371 1292 distinguenda
392 1215 480 1274 sunt.
526 1207 623 1271 Aliud
648 1216 699 1271 est
719 1206 930 1292 adjutorium,
953 1206 1024 1270 sine
1040 1226 1107 1292 quo
1130 1203 1257 1292 aliquid
1269 1223 1341 1274 ιιοιι

131 1308 181 1386 fit,
205 1319 238 1373 et
259 1308 350 1373 aliud
364 1317 415 1372 est
435 1309 646 1396 adjutorium,
671 1331 739 1397 quo
756 1309 882 1396 aliquid
899 1309 944 1373 fit.
988 1307 1072 1373 Nam
1090 1309 1161 1373 sine
1177 1306 1340 1372 alimentis

130 1434 202 1476 non
223 1434 404 1499 possumus
426 1413 554 1490 vivere;
577 1435 638 1478 nec
660 1423 779 1490 tamen,
803 1435 904 1500 quum
921 1410 1090 1477 adfuerint
1105 1409 1271 1490 alimenta,
1293 1409 1341 1489 fir,

130 1526 172 1582 ut
193 1516 294 1590 vivat,
319 1515 376 1602 qui
398 1517 483 1580 mori
506 1516 658 1581 voluerit.
702 1515 799 1602 Ergo·
815 1515 1018 1602 adjutorium
1040 1515 1273 1579 alimentorum
1289 1524 1341 1578 est

131 1619 206 1684 sine
230 1639 298 1706 quo
321 1640 389 1682 non
411 1619 457 1693 fit,
481 1641 549 1683 non
572 1641 640 1706 quo
663 1619 700 1685 fit
722 1629 761 1684 ut
783 1620 943 1684 vivamus.
989 1620 1032 1683 At
1055 1639 1132 1683 vera
1155 1616 1339 1694 beatitudo,

131 1745 232 1811 quam
258 1742 326 1786 non
347 1721 450 1787 habet
471 1723 582 1800 hamc,
607 1745 706 1811 quum
731 1723 809 1788 data
826 1721 941 1800 fuerit,
968 1722 1127 1786 continuo
1150 1720 1186 1790 fit
1208 1721 1338 1786 beatua.

132 1826 344 1912 Adjutorium
368 1834 419 1890 est
441 1827 524 1890 enim
548 1848 615 1890 non
638 1827 756 1902 solum,
781 1828 852 1891 sine
875 1847 943 1914 quo
959 1847 1028 1889 non
1044 1825 1089 1900 fit,
1112 1824 1341 1890 verumetiam

132 1951 204 2015 quo
229 1929 275 2005 fit,
300 1938 438 2013 propter
464 1929 557 2016 qnod
588 1928 696 1994 datur.
742 1929 957 2017 Quapropter
985 1929 1051 1993 hoc
1081 1928 1281 2016 adjutorium
1309 1936 1342 1992 et

135 2053 206 2118 qno
229 2031 264 2096 fit
287 2041 347 2108 est,
379 2040 412 2096 et
435 2033 506 2096 sine
530 2054 598 2120 quo
622 2033 828 2099 confit...
874 2033 983 2096 Primo
1006 2031 1120 2118 itaque
1142 2029 1341 2098 homini...

137 2136 250 2198 datum
272 2144 322 2200 est
345 2134 545 2221 adjutorium
570 2137 847 2221 perseverantiae,
870 2157 938 2201 non
963 2156 1031 2222 qno
1054 2135 1147 2200 fieret
1168 2144 1207 2199 ut
1227 2155 1340 2220 perse-

137 2249 274 2316 veraret,
296 2238 356 2303 sed
386 2239 457 2303 sine
486 2261 555 2326 quo
579 2262 639 2326 per
666 2240 804 2305 liberum
836 2239 1005 2304 arbitrium
1036 2259 1249 2324 perseverare
1272 2259 1340 2302 non

136 2353 261 2428 posset.
305 2341 404 2406 Nunc
427 2365 506 2406 vero
528 2345 654 2408 sancti·
677 2345 709 2412 in
726 2365 862 2431 regnum
879 2343 930 2407 dei
949 2343 1159 2428 pergratiam
1177 2341 1340 2428 deiprae·

134 2445 311 2509 destinatis
332 2465 401 2509 non
423 2445 489 2509 tale
511 2445 711 2533 adjutorium
734 2448 1000 2533 perseverantiae
1016 2445 1123 2525 datur,
1147 2443 1206 2509 sed
1222 2444 1288 2510 tale
1304 2453 1342 2509 ut

134 2550 182 2612 eis
207 2549 453 2634 perseverentia
475 2549 551 2634 ipsa
573 2550 726 2616 donetur.
745 2603 751 2616 .
770 2602 800 2616 ..
826 2550 870 2616 Ut
892 2571 972 2636 ergo
996 2571 1063 2614 non
1086 2549 1252 2634 acciperet
1275 2547 1341 2612 hoc

132 2652 259 2716 donum
284 2651 347 2727 dei,
369 2652 403 2716 id
428 2653 542 2728 estin
566 2653 657 2717 bono
686 2654 967 2740 perseverantiam
991 2654 1116 2738 primus
1146 2651 1258 2726 homo,
1282 2651 1341 2716 sed

134 2777 348 2842 perseverare
371 2755 425 2819 vel
448 2777 515 2819 non
540 2779 752 2842 perseverare
778 2757 811 2820 in
837 2763 907 2835 eJus
930 2755 1173 2841 relinqueretur
1195 2754 1343 2829 arbitrio,

133 2859 219 2923 tales
242 2860 328 2934 vices
349 2857 497 2923 habebat
518 2860 590 2946 ejus
612 2859 781 2941 voluntas,
805 2882 892 2947 quae
915 2861 985 2925 sine
1005 2858 1076 2922 ullo
1091 2857 1202 2923 fuerat
1217 2857 1342 2922 consti·

134 2971 207 3027 tuta
237 2969 386 3047 peccato,
416 2970 450 3026 et
478 2961 561 3027 nihil
590 2986 632 3027 ex
661 2985 697 3028 se
726 2964 803 3050 ipso
829 2964 870 3028 ab
899 2962 1191 3048 concupiscentiae
1216 2961 1342 3046 impetu

131 3066 394 3130 resistebat...
423 3064 522 3130 Nunc
543 3087 632 3142 vcro,
656 3077 776 3152 postea
799 3089 898 3155 quam
922 3075 973 3132 est
994 3065 1052 3130 illa
1073 3085 1191 3152 magna
1211 3065 1341 3150 peccati

132 3169 252 3234 merito
270 3169 391 3232 amissa
410 3168 556 3244 libertas,
580 3171 678 3234 etiam
694 3171 877 3259 majoribus
894 3169 992 3235 donis
1008 3167 1199 3256 adjuvanda
1214 3187 1341 3233 reman-

135 3273 180 3336 sit
207 3271 389 3336 infirmitas.
408 3322 415 3336 .
432 3320 463 3337 ..
497 3272 704 3339 Subventum
736 3287 787 3339 est
816 3275 916 3362 igitur
947 3271 1126 3338 infirmitati
1155 3271 1341 3337 voluntatis

135 3375 307 3450 humanae,
331 3383 368 3440 ut
384 3399 456 3441 cum
473 3377 586 3441 divina
602 3377 708 3463 gratia
728 3376 1011 3442 indeclinabiliter
1025 3384 1058 3440 et
1072 3375 1342 3466 insuperabiliter

135 3479 359 3564 ageretur¹).“

201 3582 259 3646 His
283 3581 404 3658 verbis,
428 3581 550 3668 quibus
567 3583 637 3668 jam
655 3581 814 3646 Calvinus
830 3582 1003 3670 gloriatur,
1027 3601 1088 3668 pro
1113 3581 1340 3646 construendo

135 3693 316 3771 systemate
340 3706 412 3760 suo,
436 3685 552 3750 Sancti
574 3685 684 3750 Patris
700 3685 873 3750 doctrinae
887 3685 1140 3752 fundamentum.
1154 3685 1341 3773 significari,

47 3835 51 3838 -
135 3788 263 3853 adeam
280 3789 404 3854 aditum
420 3811 533 3853 verum
550 3789 680 3874 aperiri,
698 3788 883 3876 clavimque
899 3790 985 3854 tradi
996 3789 1174 3854 Jansenius
1191 3788 1341 3866 affirmat,

137 3913 203 3979 qna
224 3893 424 3977 scriptorum
442 3892 588 3956 omnium
606 3913 726 3956 sensus
742 3902 925 3970 reseratum
947 3893 1036 3958 unde
1055 3893 1192 3980 colligit,
1215 3892 1342 3960 homini

132 3997 313 4066 innocenti,
331 3995 457 4059 viribus
479 3995 522 4059 ad
535 3995 688 4058 virtutem
704 3994 910 4059 efficiendam
927 3995 1138 4060 validissimis
1154 3997 1280 4061 munito
1298 3995 1340 4062 ad

134 4101 256 4162 bouum
296 4097 500 4182 operandum
534 4098 635 4184 inque
669 4119 709 4162 eo
745 4099 1022 4184 perseverandum
1057 4099 1215 4164 auxilium
1250 4099 1342 4175 „sine

134 4211 234 4288 qu0‚“
258 4201 340 4265 satis
354 4200 470 4276 fuisse,
487 4200 612 4265 homini
630 4223 710 4266 vero
726 4201 836 4286 lapso,
860 4200 1075 4266 facultatibus
1091 4223 1153 4288 per
1167 4211 1340 4288 peccatum

133 4305 324 4384 attenuatis,
347 4304 504 4368 auxilinm
526 4313 640 4390 ‚‚qu0“
662 4327 722 4390 per
743 4305 880 4391 gratiam
897 4305 1060 4370 actualem
1076 4307 1342 4392 perseverantiae

134 4417 225 4474 certo
243 4429 282 4472 ac
299 4406 477 4473 efficaciter
493 4429 690 4494 cooperans,
716 4427 802 4493 opus
820 4429 905 4485 esse,
929 4431 1031 4496 qnare
1046 4409 1080 4474 in
1096 4418 1185 4474 statu
1200 4419 1340 4476 naturae

133 4565 333 4576 ..-..——.—--——

203 4632 226 4700 1)
245 4629 301 4683 Lib.
314 4628 348 4683 de
360 4637 475 4702 corrept.
493 4639 520 4683 et
532 4647 581 4700 gn,
595 4647 652 4700 cap.
667 4631 706 4693 12,
719 4627 765 4682 Nn
784 4631 826 4693 34,
839 4631 881 4694 37,
892 4631 937 4686 38.
