3084 5056
800 369 841 435 60

724 460 805 467 —--..
838 463 848 467 ..
874 461 919 466 .—.

213 548 322 638 versia
337 569 371 636 in
387 591 427 636 eo
439 580 572 637 versata
587 579 647 650 est,
663 573 755 660 quod
772 595 872 662 quum
885 573 1053 661 Pelagiani
1072 584 1242 661 peccatum
1260 576 1421 664 originale

214 675 354 762 ejusque
375 676 408 739 in
424 677 640 763 propaginem
656 677 914 742 transfusionem
931 678 1084 766 negando
1102 681 1227 766 gratiae
1242 680 1421 745 medicina·

213 777 255 842 lis
271 780 501 844 necessitatem
518 781 694 868 negabant,
718 780 751 850 S.
768 781 976 869 Augustinus
992 781 1079 846 hanc
1095 783 1326 848 necessitatem
1345 806 1422 870 pro-

213 891 393 968 pugnaret,
416 880 578 969 siquidem
595 883 766 971 Pelagiani
787 886 925 972 gratiam
947 884 1173 950 medicinalem
1192 886 1262 951 sive
1278 887 1421 974 inspira·

213 982 315 1048 tionis
336 984 544 1050 voluntatem
569 989 717 1050 sanantis
744 997 777 1051 ct
804 987 1055 1052 corroborantis
1077 1010 1246 1076 nunquam
1269 990 1421 1056 admitte-

213 1085 303 1155 bant.
347 1087 392 1152 Et
421 1091 526 1178 gratia
551 1088 731 1177 Pelagiaua
761 1090 957 1163 creationis,
991 1091 1285 1176 „possibilitatis,“
1323 1115 1421 1180 quam

212 1187 392 1254 haereseos
419 1199 538 1256 auctor
564 1194 722 1270 vocabat,
751 1215 819 1258 non
849 1202 918 1258 erat
945 1194 1051 1280 gratia
1073 1195 1207 1280 proprie
1229 1193 1333 1272 dicta,
1362 1196 1423 1261 sed

211 1291 355 1358 facultas
376 1294 502 1359 arbitrii
522 1295 618 1360 liberi
639 1296 800 1361 naturalis
817 1318 836 1360 a
852 1297 915 1361 deo
933 1305 1092 1373 creatore,
1117 1304 1255 1363 auctore
1271 1306 1423 1378 naturae,

211 1417 280 1461 nou
301 1418 321 1460 a
342 1397 405 1462 deo
426 1398 644 1484 redemptore,
668 1407 806 1464 auctore
828 1400 954 1488 gratiae
969 1399 1094 1464 homini
1112 1401 1221 1469 insita.
1266 1401 1318 1466 Ad
1334 1423 1423 1466 sum-

211 1521 299 1565 mum
311 1523 390 1566 vero
407 1503 513 1588 gratia
527 1502 762 1567 illustrationis
779 1503 821 1568 ad
836 1501 969 1568 facilius
982 1503 1188 1588 operandum
1201 1525 1220 1567 a
1231 1504 1423 1591 Pelagianis

211 1625 374 1669 concessa
396 1614 462 1681 est3
485 1603 792 1694 aSemipclagianis
820 1615 928 1670 antem
950 1606 1057 1692 gratia
1077 1605 1293 1680 medicinalis,
1315 1608 1423 1694 inspi·
1518 1659 1519 1668 ,

210 1707 361 1788 rationis,
384 1707 516 1772 roboris
538 1707 580 1772 ad
602 1729 704 1794 opera
724 1709 823 1785 bona,
847 1729 916 1772 non
937 1718 1047 1774 tamen
1065 1708 1106 1774 ad
1122 1710 1251 1774 initium
1266 1709 1354 1788 fidei,
1378 1710 1423 1776 ad

209 1811 419 1876 vocationem
441 1810 527 1887 fidei,
552 1833 639 1898 quae
660 1811 793 1888 meritis,
819 1811 873 1876 vel
894 1812 1067 1877 desideriis
1090 1825 1122 1877 et
1137 1823 1276 1879 naturae
1292 1815 1422 1880 conati·

209 1915 272 1980 bus
289 1914 512 1980 adscribenda
527 1915 580 1989 sit,
604 1923 637 1979 et
652 1914 693 1979 ad
710 1917 989 2001 perseverantiam
1006 1914 1152 1980 admissa
1168 1925 1232 1982 est.

272 2017 305 2083 S.
321 2018 419 2083 Pater
440 2021 551 2082 autem
573 2017 694 2083 docere
716 2019 831 2096 voluit,
855 2019 982 2083 homini
1003 2019 1035 2083 in
1058 2019 1255 2084 conditione
1279 2025 1419 2085 naturae
1519 2067 1520 2076 η

207 2122 322 2208 lapsae
349 2122 551 2197 constituto,
581 2123 703 2188 amissa
725 2145 784 2208 per
806 2132 978 2209 peccatum
995 2123 1196 2209 integritatis
1219 2122 1309 2204 dote,
1330 2121 1421 2187 intir-

207 2235 312 2305 mato,
336 2225 493 2312 gravibus
515 2226 757 2290 tentationibus
776 2227 918 2313 agitato,
943 2226 985 2290 ad
1002 2226 1128 2290 bonum
1144 2226 1421 2313 cognoscendum

207 2336 241 2394 et
270 2327 536 2414 amplectendum
567 2328 741 2393 debilitato
769 2330 907 2416 gratiam
933 2329 1038 2393 solam
1065 2329 1317 2407 illustrationis,
1354 2351 1422 2415 qua

208 2431 381 2518 plenitudo
402 2432 604 2520 integritatis
626 2440 659 2495 et
679 2431 843 2496 libertatis
864 2441 1126 2518 recuperaretur,
1151 2453 1219 2495 nou
1236 2433 1317 2496 satis
1334 2453 1420 2512 esse,

207 2536 266 2600 sed
289 2545 419 2622 praeter
440 2556 513 2600 eam
534 2556 621 2622 opus
643 2557 717 2600 esse
739 2535 846 2623 gratia
859 2534 1078 2614 fortitudinis,
1100 2535 1341 2622 inspirationis,
1364 2557 1419 2600 sa·

206 2639 321 2703 uitatis
341 2639 412 2703 sive
433 2638 628 2719 voluntatis,
652 2659 751 2726 quam
775 2637 928 2704 Christus
949 2638 1075 2704 homiui
1098 2638 1196 2724 lapso
1219 2639 1420 2724 promeritus

207 2755 268 2822 est,
290 2742 391 2830 longe
413 2742 607 2808 validiorem
631 2753 665 2808 et
678 2741 851 2808 fortiorem
867 2743 974 2830 gratia
988 2741 1046 2806 illa
1062 2742 1308 2823 illustrationis,
1332 2765 1420 2829 quae

206 2847 332 2912 homini
361 2846 516 2912 absolute
546 2847 677 2933 integro
708 2855 809 2934 atquc
839 2847 1025 2922 innocenti,
1059 2845 1161 2932 plena
1190 2845 1345 2911 libertate
1375 2844 1419 2910 ad
1521 2849 1522 2884 l

205 2951 329 3016 bonum
355 2949 560 3036 operandum
582 2958 616 3014 et
636 2951 671 3014 in
694 2972 733 3016 eo
754 2949 1038 3036 perseverandum
1061 2949 1185 3025 utenti,
1215 2948 1416 3028 sufficiebat,

203 3061 242 3119 ut
268 3054 429 3120 adactus
461 3052 625 3118 salutares
653 3053 837 3119 eliciendos
865 3054 1080 3118 excitaretur.
1125 3052 1302 3139 Disparem
1331 3051 1418 3116 adeo

205 3157 338 3246 quidem
362 3157 500 3244 gratiam
526 3157 560 3221 in
587 3164 677 3221 statu
698 3166 837 3222 naturae
858 3157 1008 3243 integrae
1030 3164 1063 3221 et
1082 3151 1199 3242 lapsae
1221 3176 1418 3220 concessam

205 3283 279 3327 esse
305 3261 463 3338 assensit,
493 3259 670 3326 discrimen
696 3260 783 3324 inter
803 3260 943 3346 gratiam
964 3257 1197 3324 illustrationis
1221 3269 1254 3323 et
1275 3259 1416 3344 inspira·

204 3364 306 3430 tionis
341 3363 564 3442 admittendo,
601 3362 757 3449 hancque
793 3363 931 3448 insuper
965 3363 1061 3428 nimis
1091 3361 1261 3427 laudando
1300 3360 1416 3448 illique

203 3468 343 3534 maxime
369 3475 529 3554 tauquam
556 3465 825 3531 excellentiorem
851 3465 1089 3553 praeferend03
1120 3486 1285 3553 nusquam
1307 3474 1416 3529 tamen

204 3579 238 3637 et
258 3571 376 3636 nullibi
398 3571 524 3648 docuit,
547 3571 580 3634 in
603 3579 692 3634 statu
708 3578 847 3635 naturae
863 3569 978 3656 lapsae
994 3591 1063 3634 non
1080 3568 1177 3634 aliam
1193 3568 1259 3632 nisi
1277 3568 1415 3657 gratiam

204 3674 371 3740 efficacem
401 3673 481 3742 dari.
509 3710 550 3722 -
575 3673 648 3738 Jam
674 3694 755 3738 vero
782 3673 960 3738 Jansenius
987 3672 1075 3738 hanc
1102 3672 1143 3738 de
1169 3671 1313 3737 auxilius
1342 3671 1415 3736 istis

204 3778 297 3858 „sine
314 3783 403 3866 quo“
426 3787 461 3843 et
484 3782 597 3864 „quo“
618 3776 813 3842 senteutiam
836 3797 904 3841 uon
924 3777 997 3862 ipse
1020 3775 1240 3861 excogitavit,
1264 3774 1416 3862 quamvis

204 3881 302 3948 valde
323 3881 494 3966 glorietur,
518 3880 578 3945 sed
604 3875 781 3945 aOalvino
804 3878 1001 3965 desumpsit,
1026 3879 1083 3966 qui
1105 3879 1171 3942 hoc
1188 3876 1222 3943 S.
1239 3876 1417 3964 Augustini

203 3986 304 4054 edato
331 4007 431 4069 saepe
456 4007 539 4049 usus
566 3992 633 4060 est,
660 3984 734 4069 ipse
758 4005 837 4048 vero
868 3983 1044 4048 discrimen
1073 3980 1140 4047 hoc
1168 3981 1255 4045 inter
1277 3981 1415 4066 gratiam

203 4099 342 4156 naturae
357 4088 545 4154 innocentis
562 4095 595 4152 et
610 4087 725 4174 lapsae
742 4109 760 4151 a
776 4086 927 4153 Luthero
942 4085 1053 4153 habet.
1075 4083 1127 4149 lta
1142 4083 1277 4148 asserit:
1300 4082 1358 4162 „In
1375 4103 1415 4146 eo

202 4193 451 4262 hallucinantur
487 4194 613 4277 (patres
642 4190 858 4275 Tridentini),
896 4187 989 4277 quod
1018 4196 1145 4252 motum
1175 4187 1274 4250 nobis
1305 4185 1416 4250 offerri

202 4298 426 4368 somniantur,
459 4295 517 4382 qui
544 4294 679 4359 mediam
702 4294 898 4359 electionem
920 4292 1019 4356 nobis
1040 4290 1217 4377 relinquat.
1263 4288 1415 4375 Denique

201 4403 235 4469 in
265 4422 306 4466 eo
335 4398 513 4475 falluntur,
552 4397 646 4485 quod
671 4397 800 4462 nullum
831 4397 1015 4462 observant
1040 4395 1126 4458 inter
1152 4390 1415 4478 regenerationis

201 4505 351 4593 gratiam,
374 4524 462 4590 quae
483 4523 572 4569 nunc
594 4501 745 4568 miseriae
766 4509 903 4566 nostrae
919 4498 1085 4572 subvenit,
1110 4505 1142 4562 et
1158 4495 1305 4582 primam,
1329 4515 1416 4582 quae

200 4607 292 4675 Adae
314 4605 394 4672 data
412 4606 538 4681 fuerat,
566 4603 752 4670 discrimen.
797 4601 898 4684 Quod
921 4601 1098 4688 diligenter
1118 4601 1326 4686 Augustinus
1355 4619 1415 4664 ex·
