3050 5046
762 282 803 348 70
1506 338 1507 411 p

175 483 436 573 semipelagiano
453 485 610 552 dictatam
626 485 680 550 vel
695 484 849 552 refertam
864 486 993 552 fuisse?
1020 481 1167 574 ¹Dogma
1182 486 1418 552 catholicum

178 599 350 674 praeterea
373 597 464 654 certo
496 598 563 667 est,
594 611 668 654 cum
691 590 798 676 gratia
820 589 944 654 domini
971 591 1198 676 operationem
1222 589 1429 655 libertatis

154 691 339 759 humane
362 692 569 780 jungendam
600 713 683 757 esse.
739 691 887 758 Lucidus
912 713 981 758 non
1008 693 1306 781 semipelagianus
1341 703 1418 768 est3

176 816 250 858 nam
267 817 369 882 quum
384 794 475 871 dicit,
496 793 646 875 „nullum
662 816 703 860 ex
719 796 875 880 gentibus
891 817 951 882 per
966 796 1102 881 primam
1119 795 1171 861 dei
1187 796 1362 884 gratiam,
1379 795 1415 860 id

176 906 236 975 est,
263 919 324 984 per
348 897 456 984 legem
478 907 627 975 naturae,
656 898 690 962 in
713 898 892 964 adventum
915 898 1039 964 Christi
1061 898 1166 964 fuisse
1189 899 1417 976 salvatum,“

175 1001 430 1086 pronuntiatio
446 999 511 1066 fide
527 1000 692 1066 adventus
710 1000 843 1082 Christi,
860 1001 1034 1067 adventuri
1051 1001 1185 1080 Christi,
1202 1001 1414 1070 nonnullos

175 1103 289 1168 salvos
304 1103 374 1170 fieri
390 1105 551 1190 potuisse,
566 1104 587 1173 i.
604 1126 631 1168 a.
648 1104 754 1190 gratia
769 1126 838 1169 non
854 1105 1000 1182 exclusa,
1017 1104 1079 1170 sed
1093 1105 1234 1171 inclusa.

238 1206 291 1271 Ex
314 1206 411 1272 dictis
435 1216 584 1293 apparet,
610 1207 769 1273 Faustum
786 1217 820 1272 et
841 1207 1002 1274 Lucidum
1026 1207 1109 1274 nihil
1131 1207 1288 1284 finxisse,
1316 1205 1412 1272 nihil

175 1309 399 1387 simulavisse;
430 1332 534 1398 quare
562 1310 646 1376 fides
677 1310 870 1397 deroganda
900 1312 947 1376 eis
977 1333 1046 1376 non
1073 1321 1134 1389 est,
1164 1333 1281 1398 neque
1317 1310 1412 1376 fides

175 1413 370 1500 deroganda
399 1414 433 1477 in
464 1434 565 1478 causa
595 1424 711 1478 nostra
740 1413 910 1483 historica.
956 1415 1118 1502 Denique,
1150 1415 1212 1480 etsi
1241 1415 1409 1490 daretur,

175 1514 375 1581 haereticum
407 1525 584 1603 utrumque
613 1516 734 1593 fuisse,
766 1539 825 1582 cur
853 1515 936 1582 fides
965 1518 1005 1582 iis
1035 1518 1069 1582 in
1084 1518 1185 1582 rebus
1216 1517 1409 1582 historicis

174 1619 329 1684 habenda
356 1640 425 1688 non
456 1627 555 1696 esset,
586 1620 614 1683 si
643 1617 792 1686 Eusebio
820 1621 954 1697 Ariane,
981 1622 1009 1685 si
1036 1621 1167 1686 Socrati
1193 1620 1404 1686 Novatiano

174 1721 331 1787 habenda
352 1721 465 1806 est¹)?

240 1825 361 1906 Quoad
382 1825 594 1890 Jansenistae
616 1833 804 1911 opponunt,
828 1825 1007 1890 Hearicum
1030 1822 1200 1890 Canisium
1223 1825 1345 1890 Tomo
1371 1825 1401 1890 5.

174 1929 387 2016 antiquarum
412 1928 594 1994 lectionum
622 1926 834 2004 contendere,
858 1929 889 1992 in
915 1927 1032 1992 codice
1055 1928 1285 2013 manuscripto
1314 1927 1403 1993 snb·
1508 1990 1509 2019 ,

176 2033 378 2119 scriptiones
395 2032 631 2118 episcoporum
653 2031 894 2096 Arelatensium
917 2052 1004 2118 quae
1020 2031 1052 2095 in
1068 2031 1215 2120 vulgatis
1230 2029 1400 2096 editioni·

174 2135 238 2200 bus
261 2135 428 2222 leguntur,
458 2157 527 2199 non
554 2135 701 2220 reperiri,
732 2135 791 2200 sed
822 2135 921 2200 unius
946 2134 1079 2212 Fausti;
1109 2144 1143 2200 et
1172 2134 1399 2200 Sirmoudum

172 2259 332 2313 asserere,
356 2259 412 2302 eas
428 2259 539 2324 neque
555 2238 588 2302 in
603 2237 776 2302 Hincmari
798 2237 914 2303 codiee
930 2236 1006 2324 legi,
1030 2259 1070 2301 ex
1088 2258 1154 2324 qua
1169 2260 1205 2303 re
1221 2237 1396 2325 colligen-

172 2342 249 2407 dum
274 2342 326 2416 sit,
351 2339 466 2404 Fausti
495 2340 669 2425 epistolam
694 2340 727 2404 in
751 2339 884 2426 synodo
906 2339 1092 2404 Arelatensi
1114 2341 1343 2426 approbatam
1362 2350 1397 2404 et
1508 2364 1509 2385 ¹

173 2445 394 2530 subscriptam
410 2465 477 2507 nou
495 2443 616 2508 fuisse:
633 2442 717 2508 nihil
731 2441 843 2519 refert,
857 2443 1022 2530 siquidem
1039 2442 1122 2508 nihil
1136 2465 1177 2508 ex
1193 2465 1233 2508 eo
1246 2443 1394 2531 liqueat,
1505 2451 1506 2462 ¹

173 2569 271 2635 quam
300 2547 369 2610 hoc
399 2546 523 2610 solum:
555 2546 722 2611 Canisium
753 2545 870 2611 codice
899 2567 995 2610 usum
1026 2567 1116 2622 esse,
1147 2545 1180 2610 in
1208 2567 1277 2633 quo
1305 2545 1392 2611 sub-

172 2651 374 2736 scriptiones
397 2649 474 2714 illae
495 2671 574 2726 non,
597 2649 652 2714 vel
672 2648 821 2714 nondum
843 2649 991 2736 integrae
1007 2647 1169 2714 collectae
1185 2657 1290 2726 erant,
1316 2670 1390 2736 quo

171 2754 263 2820 facto
286 2775 354 2818 non
377 2754 555 2838 probatur,
579 2774 694 2818 omnes
715 2762 749 2818 et
770 2760 900 2818 ceteros
921 2751 1055 2816 codices
1078 2752 1389 2839 subscriptionibus

173 2857 330 2923 caruisse.
390 2856 566 2921 Praeterea
597 2866 631 2922 et
658 2841 916 2942 ipseCenisius
945 2854 1084 2932 fatetur,
1114 2854 1208 2921 illum
1234 2856 1390 2921 codicem

172 2961 307 3026 omnino
331 2959 559 3046 perturbatum
576 2981 660 3025 esse.
706 2959 861 3024 Norisius
877 2956 1056 3024 cardinalis
1072 2966 1179 3043 putat,
1204 2959 1387 3044 epistolam
1505 3008 1506 3020 ,

172 3064 262 3130 illam
288 3064 429 3150 primum
456 3084 475 3126 a
502 3062 628 3128 Fausto
655 3064 731 3150 ipso
759 3083 798 3129 ac
825 3061 910 3136 solo,
939 3059 1060 3126 deinde
1083 3082 1103 3124 a
1125 3060 1255 3128 Lucida
1272 3063 1387 3138 etiam,

171 3166 292 3233 exinde
307 3187 327 3231 a
341 3165 493 3252 patribus
504 3165 765 3242 arelatensibus,
782 3164 823 3229 ad
836 3184 923 3250 quos
936 3162 1047 3228 delata
1058 3172 1138 3239 erat,
1155 3163 1382 3250 subscriptam

172 3292 256 3348 esse,
274 3270 373 3335 itaut
388 3269 529 3334 variatio
547 3268 698 3334 codicum
715 3265 1026 3353 comprehendatur.

237 3372 505 3439 Obmovcntibus
538 3371 739 3438 Jausenistis
769 3369 914 3458 denique
943 3377 1119 3456 utramque
1150 3367 1317 3456 synodum
1350 3376 1384 3434 et

173 3477 400 3543 Arelatensem
431 3483 464 3540 et
488 3474 757 3562 Lugdunensem,
788 3481 846 3539 aut
872 3471 982 3537 fictam
1008 3483 1066 3538 aut
1092 3471 1383 3560 semipelagianam

170 3578 326 3662 fuisse²)‚
349 3578 533 3664 respondet
557 3578 727 3643 Norisius:
758 3577 956 3663 „Nunquam
987 3575 1040 3640 his
1070 3576 1245 3642 assentior.
1297 3575 1382 3657 Quis

171 3683 257 3750 enim
274 3681 315 3746 de
330 3680 456 3747 Fausto
478 3687 592 3744 tantos
608 3681 671 3745 sibi
693 3679 795 3746 dolos
810 3679 1021 3768 persuadeat,
1045 3679 1104 3766 qui
1118 3700 1231 3744 coram
1249 3679 1381 3744 univer·

173 3787 220 3852 sis
242 3784 425 3850 Galliarum
446 3782 627 3869 Episcopis
651 3791 818 3849 tantorum
840 3781 1088 3848 mendaciorum
1110 3781 1328 3848 architectum
1345 3804 1381 3848 sc

172 3891 289 3955 sistere
327 3909 395 3952 non
434 3887 642 3952 extimuerit?
706 3886 782 3967 Quo
819 3887 929 3952 animo
964 3885 1108 3952 Leontio
1144 3885 1380 3972 Metropolitae

171 3989 367 4060 doctissimo
390 3989 561 4075 imponere
579 4012 682 4054 ausus
701 3990 831 4068 fuisset,
856 3989 953 4078 quasi
973 3988 1016 4054 de
1036 3988 1266 4056 remotissimis
1281 3989 1380 4056 Asiae
1396 4043 1398 4048 ,

169 4095 271 4164 rebus
293 4091 525 4180 perscriberet,
548 4114 616 4158 non
633 4115 712 4158 vero
734 4092 776 4159 de
791 4094 841 4170 iis,
865 4115 952 4182 quae
967 4092 1001 4158 in
1017 4091 1148 4158 duabus
1163 4092 1379 4159 nobilissimis

170 4198 318 4268 Urbibus
332 4194 456 4262 nudius
471 4195 589 4260 tertius
604 4207 700 4284 geste
715 4196 867 4264 fuerant?
909 4195 1061 4283 Opponit
1076 4193 1278 4283 Mangoinus
1300 4217 1378 4262 nus·

171 4324 270 4392 qnam
297 4305 528 4388 praeterquam
553 4299 585 4364 in
612 4299 726 4366 Fausti
753 4300 863 4368 Libris
888 4298 1020 4366 illarum
1045 4297 1259 4389 Synodorum
1286 4320 1376 4366 men·
1504 4350 1508 4455 p

1509 4407 1510 4458 l

241 4521 263 4590 ¹]
282 4518 426 4592 Tournely,
443 4521 460 4575 l.
474 4539 496 4575 c.
531 4522 558 4592 ²)
576 4519 713 4592 Tourucly
723 4527 750 4574 et
762 4519 802 4575 De
815 4520 939 4591 Champs.
