3084 5056
773 522 801 594 s.
821 521 847 576 1.

205 624 368 682 Jansenius.
381 620 455 696 Ejus
461 639 521 680 eum
526 624 624 680 amicis
631 625 781 698 connexim
791 622 855 695 ejus
860 623 1007 692 ingenium
1013 641 1021 697 ;
1032 621 1095 694 ejus
1101 625 1417 698 liber„Augustinus.“

270 765 461 852 Incipimus,
486 766 526 829 de
550 775 687 830 auctore
711 765 889 831 haereseos
914 764 1088 842 disserere,
1112 774 1149 830 ut
1171 765 1308 851 primum
1332 764 1415 851 ejuS,

206 869 263 956 qui
289 877 400 934 sectae
426 891 548 932 nomen
574 868 676 946 dedit,
702 868 860 946 indolem,
888 869 1068 955 ingenium,
1099 867 1241 932 animum
1268 889 1415 954 cognos-

205 993 328 1036 camus.
372 971 449 1057 Ipse
471 981 590 1038 auctor
610 971 781 1061 doctrinae
803 971 975 1059 cujusdam
994 978 1095 1056 caput
1111 979 1143 1036 et
1158 971 1264 1049 radix,
1286 971 1365 1036 fons
1382 982 1417 1036 et

206 1075 300 1160 origo
325 1074 473 1161 ejusdem
497 1074 639 1138 naturali
663 1076 763 1140 modo
788 1084 848 1141 est.
893 1076 1003 1161 Atque
1027 1074 1256 1140 difficillimum
1281 1075 1413 1162 quidem

205 1178 355 1259 videtur,
383 1177 449 1242 imo
481 1177 705 1264 impossibile,
732 1180 861 1244 viscera
887 1177 1032 1242 hominis
1060 1177 1270 1264 perscrutari,
1298 1200 1357 1243 cor
1382 1187 1416 1242 et

204 1304 301 1348 renes
328 1281 526 1362 discernere,
555 1281 648 1369 quod
675 1283 780 1348 solius
808 1282 861 1347 dei
887 1291 955 1360 est3
981 1320 1023 1332 -
1050 1281 1179 1368 „proba
1200 1303 1252 1346 me
1275 1281 1358 1346 deus
1382 1290 1416 1345 et

206 1385 292 1450 scito
323 1405 382 1450 cor
410 1385 534 1450 meum!
567 1387 737 1474 interroga
766 1409 817 1452 me
855 1393 887 1450 et
924 1405 1092 1471 cognosce
1121 1385 1255 1449 semitas
1291 1393 1414 1449 meas.“

205 1488 322 1575 psalm.
338 1487 408 1554 138.
424 1525 464 1536 -
477 1488 536 1553 sed
550 1501 658 1554 tamen
670 1513 711 1554 ex
722 1490 773 1566 iis,
786 1511 872 1576 quae
886 1489 926 1552 ab
939 1487 1073 1552 homine
1085 1487 1301 1574 proferuntur
1313 1496 1414 1575 atque

204 1592 238 1656 in
253 1591 361 1658 lucem
379 1591 532 1669 eduntur,
548 1591 627 1658 licet
641 1591 808 1680 colligere,
826 1591 892 1678 qui,
910 1591 973 1656 nisi
988 1591 1136 1670 intimus,
1151 1600 1260 1656 tamen
1276 1591 1415 1668 interior

205 1695 304 1760 animi
326 1715 481 1760 recessus
503 1701 536 1760 et
558 1697 650 1782 quod
672 1697 783 1761 verius
804 1695 917 1760 cordis
933 1695 1144 1780 propositum
1160 1717 1199 1758 ac
1215 1694 1413 1760 desiderium

206 1798 260 1862 sit.
304 1797 377 1862 Jam
400 1797 443 1862 ad
463 1797 657 1862 dansenium
680 1799 771 1886 quod
788 1800 915 1874 attinet,
940 1805 973 1861 et
988 1799 1061 1883 ipse
1077 1798 1175 1863 sicuti
1190 1797 1261 1884 ejus
1277 1798 1413 1864 comita-

205 1911 260 1965 tus
283 1909 383 1988 atque
406 1921 523 1986 agmen
540 1902 664 1986 passim
685 1911 820 1967 strenue
837 1909 992 1977 testatur,
1017 1923 1052 1966 se
1068 1901 1194 1966 nullam
1209 1903 1274 1966 nisi
1289 1901 1413 1967 doctri·

204 2025 279 2068 nam
295 2002 495 2068 catholicam
512 2004 643 2081 docere,
661 2005 817 2090 profiteri,
834 2005 999 2091 amplecti.

270 2105 454 2172 Videamus
485 2108 599 2194 igitur,
630 2131 708 2172 num
739 2109 853 2196 aliquo
880 2108 980 2173 modo
1008 2114 1116 2174 totum
1143 2114 1176 2172 et
1201 2129 1313 2172 verum
1341 2107 1412 2196 ejus

204 2211 348 2275 animum
386 2231 425 2275 ac
462 2212 671 2296 propositum
708 2212 989 2300 pervestigamus,
1023 2213 1123 2276 vitam
1160 2211 1307 2276 auctoris
1337 2233 1411 2296 per-

203 2314 395 2382 lustrantes.
730 2395 733 2403 ²

267 2415 408 2496 „C'dtait
430 2437 477 2480 un
500 2425 619 2480 savant
639 2414 833 2502 theologien
855 2425 955 2482 etun
975 2416 1127 2482 modeste
1149 2415 1411 2502 ecclesiastique,

203 2522 244 2588 de
267 2543 399 2586 moeurs
428 2519 579 2604 simplas,
607 2519 649 2584 de
678 2522 730 2585 vie
753 2519 926 2586 studieuse
952 2530 985 2586 et
1011 2520 1174 2597 solitaire‚
1204 2519 1261 2608 qui
1287 2519 1324 2584 fit
1345 2540 1411 2604 peu

203 2625 313 2713 parler
338 2624 378 2690 de
403 2623 450 2688 lui
480 2632 553 2687 tant
583 2623 663 2710 qu’il
688 2622 798 2703 ve'cut,
829 2632 862 2690 et
888 2624 976 2690 donc
1001 2624 1033 2689 le
1063 2647 1141 2689 nom
1172 2633 1224 2690 est
1251 2631 1412 2710 pourtant

203 2729 334 2794 devenu
354 2727 386 2792 le
408 2726 554 2812 drapeau
571 2726 669 2791 d’une
685 2736 775 2792 secte
796 2737 829 2793 et
845 2727 942 2793 d’une
958 2737 1175 2793 controversa
1191 2728 1248 2814 qui
1263 2725 1412 2813 pendant

203 2833 280 2919 plus
311 2831 390 2896 d'un
421 2827 521 2894 siecle
549 2838 609 2894 ont
638 2829 771 2896 trouble
797 2831 971 2920 l'Eglise;“
1002 2840 1119 2896 auctor
1145 2829 1278 2918 quidam
1304 2831 1411 2894 nostri

202 2937 275 3000 aevi
292 2934 433 3022 gallicus
449 2933 676 3019 praedicat¹);
700 2935 792 3020 quod
806 2935 841 3000 in
857 2943 1018 3022 quantum
1034 2935 1294 3018 subscribamus,
1311 2955 1409 3020 expe·

204 3042 325 3104 riemur
349 3037 605 3124 perscrutando.
652 3037 729 3102 Vox
752 3051 868 3104 recens
896 3047 948 3104 est
974 3058 1015 3104 ex
1042 3037 1160 3104 Galliis
1186 3038 1351 3114 exaudita,
1377 3037 1409 3100 id

204 3143 296 3231 quod
312 3141 360 3206 ibi
375 3138 559 3204 notandum
575 3140 725 3207 velimus.
973 3125 975 3142 ¹

268 3243 443 3310 Cornelius
458 3241 637 3308 Jansenins
654 3243 763 3326 (Corn.
780 3242 972 3328 Jansen)²),
989 3266 1007 3308 a
1024 3265 1091 3330 quo
1108 3265 1230 3310 nomen
1246 3243 1408 3332 arginem·

202 3372 267 3437 que
287 3347 518 3414 Jansenismus
542 3369 600 3433 per
620 3349 783 3436 integrum
806 3347 974 3413 saeculum
998 3347 1084 3412 intra
1104 3347 1277 3414 ecclesiam
1292 3352 1409 3410 contra

201 3453 376 3520 ecclesiam
405 3450 562 3527 luctatus,
593 3451 703 3529 trahit,
731 3473 819 3516 anno
853 3451 932 3517 1585
959 3451 993 3515 in
1020 3451 1221 3518 Batavorum
1244 3448 1354 3514 insula
1375 3450 1409 3513 in

202 3557 329 3644 oppido
351 3553 405 3620 vel
426 3575 526 3642 pago,
551 3557 604 3620 cui
624 3578 745 3620 nomen
766 3555 872 3620 Ackoi
894 3555 1060 3642 (Acquoi),
1084 3554 1178 3643 quod
1193 3555 1226 3618 in
1242 3553 1407 3620 territorio

199 3668 401 3679 ann-—u—

273 3707 295 3778 1)
314 3703 446 3762 Nouvelie
464 3707 626 3782 Biogrophie
642 3709 768 3781 generale
786 3709 880 3780 depuis
899 3708 938 3762 les
953 3716 1039 3782 temps
1051 3709 1091 3763 les
1104 3709 1165 3780 plus
1176 3707 1279 3761 recoles
1288 3705 1409 3778 jusqu’b

199 3809 250 3847 noe
267 3791 362 3863 jours3
379 3794 485 3865 publide
502 3813 552 3867 par
568 3795 645 3849 Μ.Μ.
663 3796 762 3849 Firmin
780 3795 864 3850 Didot
883 3795 981 3864 friues3
1000 3806 1071 3850 tome
1089 3794 1295 3867 vingt-sixibme.
1331 3793 1407 3846 Paris

199 3876 538 3953 moeccrv111.p.are.
1079 3880 1080 3884 '

269 3967 295 4038 2)
315 3966 448 4040 Synopsis
467 3967 604 4023 Historica
620 3969 780 4024 danscnismi
799 3971 824 4023 in
844 3967 1059 4035 „Pr-aelectiones
1078 3965 1257 4037 Theologicae
1270 3966 1310 4020 De
1322 3965 1408 4038 gratia

200 4050 307 4120 Christi,
326 4071 393 4125 qnae
405 4056 432 4108 in
446 4055 551 4110 Scholis
572 4057 727 4111 Sorbonieis
740 4058 830 4111 babuit
842 4055 999 4108 Honoratus
1012 4053 1157 4124 Tournely,
1175 4051 1278 4108 Tonrus
1290 4052 1406 4120 Tertius,

199 4138 320 4195 Venetiis
343 4140 505 4196 MDCOLV.
531 4172 562 4184 -
586 4141 626 4195 La
648 4143 798 4197 Naissnnce
823 4142 858 4196 dn
882 4141 1050 4194 dansenisrne
1069 4139 1236 4204 decouverte.
1276 4143 1302 4196 A
1326 4141 1404 4195 Mon·

204 4227 329 4300 seigneur
351 4227 389 4282 Le
407 4227 569 4286 Chancelier.
593 4233 647 4283 Par
669 4231 694 4284 le
719 4231 796 4284 Sieur
819 4229 860 4283 De
877 4227 1002 4292 Preville,
1026 4227 1053 4280 A
1067 4225 1186 4280 Louvain
1199 4226 1257 4285 010
1267 4227 1406 4288 oclnrv.

199 4314 303 4369 Exti-ait
323 4315 371 4369 des
384 4315 478 4370 lettres
493 4316 526 4370 de
537 4315 681 4370 dansebius
695 4317 711 4369 5
723 4316 819 4371 l'Abbd
832 4315 864 4369 de
876 4315 904 4368 S.
919 4313 1016 4385 Cyran,
1035 4313 1129 4386 depuis
1141 4314 1194 4368 l'an
1208 4319 1283 4372 1617.
1291 4315 1405 4387 jusqnes

199 4400 215 4455 b
228 4401 278 4456 l’an
295 4405 369 4460 1635.
389 4433 423 4446 -
435 4401 588 4456 Melchioris
601 4403 764 4476 Leydeckeri
777 4405 809 4458 de
821 4403 932 4458 historia
943 4402 1104 4456 dansonismi
1117 4403 1175 4456 libri
1184 4406 1230 4469 Vl,
1242 4403 1360 4474 Trajecti
1372 4399 1404 4456 ad

197 4487 328 4560 Rhenum,
349 4485 566 4558 oroloOXGV,
584 4491 627 4546 ubi
643 4489 730 4567 plura,
742 4491 820 4550 etiam
832 4490 921 4570 quoad
933 4491 1079 4568 sequentia.
1098 4520 1131 4536 -·
1149 4489 1279 4548 Ncuveile
1293 4490 1403 4566 Bingiu-

196 4575 259 4654 phie
278 4584 326 4632 etc.
