3050 5046
773 272 815 342 96

190 477 423 556 Celeberrimo,
437 479 592 556 donatus,
606 480 738 567 utrique
750 488 901 546 nostrum
910 482 1141 550 aDoctissimo
1154 485 1227 550 viro
1240 485 1399 552 D.Tobia

190 579 304 658 Sellio,
322 581 539 660 Dentiscau0,
557 583 751 650 convictore
768 585 846 650 olim
864 607 937 650 meo
955 587 1165 666 suavissimo,
1183 587 1333 677 eBelgio
1349 601 1401 656 est

188 684 342 753 missus.“

255 787 446 853 Omittimus
473 797 592 864 cetera,
620 810 706 876 quae
732 790 767 854 in
791 789 855 855 hac
882 791 1090 875 praefatione
1116 814 1205 860 nunc
1232 794 1274 860 de
1303 817 1400 862 sacra

190 892 355 978 scriptura
370 901 566 977 sequuntur,
583 891 655 977 ejus
671 899 798 958 tantum
814 893 910 958 finem
928 879 1160 982 adjungentes.

256 994 422 1072 „Alterum
445 1015 543 1068 nunc,
568 1016 636 1081 quo
659 995 700 1059 de
721 995 776 1060 hic
797 996 915 1083 agitur,
938 997 1048 1063 locum
1071 997 1112 1063 de
1128 999 1161 1067 S.
1177 997 1211 1064 S.
1228 999 1401 1086 Scriptura

192 1098 434 1185 complectitur.
478 1096 609 1162 Etenim
631 1098 710 1184 quia
725 1099 771 1162 ita
785 1099 858 1164 Deo
883 1123 924 1164 ex
940 1100 1099 1187 singulari
1115 1103 1224 1189 gratia
1240 1102 1402 1190 dirigente

192 1212 294 1290 atque
316 1200 519 1282 moderante,
542 1200 634 1267 haud
656 1202 700 1266 ita
725 1202 849 1268 dudum
880 1203 998 1268 eximia
1020 1203 1186 1270 Praefatio
1210 1206 1246 1269 in
1268 1205 1403 1272 Novum

191 1305 451 1382 Testamentum,
469 1303 673 1380 Gallicanam
690 1327 782 1372 suam
799 1307 997 1383 versionem,
1015 1328 1034 1370 a
1050 1305 1256 1374 Doctissimo
1273 1308 1402 1374 Abbate

193 1407 284 1474 Villa
299 1407 459 1496 longano,
481 1408 514 1472 in
529 1408 636 1474 lucem
654 1418 704 1474 est
720 1409 818 1490 edite,
841 1409 979 1474 eandem
996 1409 1092 1474 simul
1108 1427 1248 1488 vertere,
1264 1411 1403 1478 scholiis

192 1534 314 1600 angere
337 1520 440 1598 atque
460 1511 642 1600 adjungere
664 1512 757 1578 hisce
779 1513 886 1578 visum
902 1511 977 1578 fuit.
1022 1512 1107 1578 Nam
1123 1514 1212 1579 sicut
1225 1514 1404 1580 utilitatem

194 1617 236 1682 ab
252 1616 351 1681 hoste
368 1637 496 1700 capere,
518 1615 694 1701 pulchrum
710 1625 771 1694 cst,
794 1616 851 1680 ita
865 1616 1050 1702 ipsorum
1068 1617 1403 1682 adversariorum

193 1719 433 1786 testimonia
454 1740 528 1804 pro
552 1718 892 1784 bonisfacientia
915 1717 1025 1784 valere
1041 1729 1109 1784 tum
1132 1721 1222 1805 apud
1238 1743 1311 1794 nos,
1335 1731 1405 1786 tum

194 1822 284 1910 apud
314 1821 487 1886 adversam
518 1831 645 1907 partem
675 1823 767 1888 haud
796 1843 910 1908 parum
941 1821 1073 1888 debent.
1116 1823 1154 1887 Id
1184 1824 1277 1910 quod
1301 1823 1405 1890 nullis

193 1927 357 1992 hactenus
386 1925 537 2012 quamvis
564 1926 790 1992 invictissimis
817 1926 1030 2013 argumentis,
1058 1927 1209 1992 obtinere
1234 1927 1405 1992 ullatenus

194 2028 1243 2116 potuimus,nuncultronobistantilargiunturviri.
1289 2029 1405 2111 Quan-

196 2143 322 2219 topere,
345 2153 443 2220 quam
465 2133 565 2211 varie,
588 2155 687 2220 quam
709 2133 845 2218 indigne
866 2132 1036 2216 impetitus
1059 2133 1103 2197 sit
1117 2133 1281 2200 hactenus
1298 2134 1407 2200 codex

197 2258 301 2314 sacer,
318 2257 415 2300 nemo
432 2245 492 2314 est,
515 2258 612 2323 quem
629 2235 744 2323 fugiat,
767 2234 859 2320 pleni
874 2234 908 2299 id
924 2235 1020 2300 etiarn
1036 2235 1301 2302 adversariorum
1318 2239 1406 2314 libri,

196 2362 235 2406 ac
261 2340 367 2406 tristis
392 2340 530 2424 insuper
554 2339 705 2426 loquitur
731 2337 945 2423 experientia.
994 2336 1099 2418 Quam
1126 2341 1246 2406 acriter
1268 2364 1349 2408 vero
1373 2353 1409 2406 et

196 2443 344 2510 animose
374 2442 588 2526 doctissimus
617 2441 672 2506 hic
702 2441 861 2508 reclamat
890 2440 1014 2518 Abbas,
1044 2441 1099 2508 vel
1129 2465 1248 2510 caccus
1278 2445 1407 2520 videat3

197 2569 297 2636 quam
318 2546 422 2612 libere
443 2567 586 2611 errorem
608 2567 744 2612 suorum
767 2544 998 2632 gravissimum
1017 2558 1181 2633 agnoscat
1195 2570 1234 2613 ac
1249 2548 1409 2635 profitea-

196 2661 261 2726 tur,
291 2671 353 2714 nec
380 2649 444 2735 ipsi
470 2648 650 2714 adversarii
675 2651 825 2738 negitare
851 2670 998 2736 unquam
1030 2657 1196 2734 poterunt.
1245 2651 1409 2718 Nimirum

197 2754 372 2820 nobiscum
395 2774 435 2818 ex
457 2753 595 2818 Irenaeo
618 2753 640 2820 l.
664 2756 691 2820 l.
714 2778 741 2822 c.
767 2755 792 2818 l.
816 2761 849 2817 et
870 2751 899 2816 3.
922 2773 949 2817 c.
975 2752 1001 2816 l.
1018 2749 1052 2816 S.
1074 2751 1279 2838 Scripturam
1295 2758 1411 2820 κάνονα

197 2863 252 2942 τῆς
273 2857 420 2940 ἀληθείας
444 2857 562 2941 ἀχλινῆ.
606 2857 784 2933 ι(ἶῖιιιοηειιι
805 2855 955 2921 veritatis
977 2855 1187 2934 immobilem,
1210 2857 1411 2924 fundamen·
1511 2899 1512 2914 .

197 2970 277 3037 tum,
301 2967 334 3025 et
357 2958 544 3024 columnam
564 2959 656 3024 Fidei
679 2970 813 3024 nostrae
834 2967 944 3026 vocat.
991 2957 1034 3021 Et
1050 2980 1090 3022 ex
1108 2959 1207 3026 Clam.
1224 2961 1319 3026 Alex.
1334 2961 1357 3029 l.
1378 2963 1411 3026 7.

198 3073 232 3128 et
256 3064 305 3128 ll.
329 3062 485 3130 &ramat
508 3061 833 3128 Demonstrationem
857 3084 900 3127 ex
922 3062 1098 3148 scripturis
1119 3062 1260 3142 factam,
1290 3066 1413 3133 statuit

199 3167 265 3247 (cui
281 3165 466 3232 contradici
483 3171 650 3252 nequeat).

262 3269 354 3334 Haec
391 3276 480 3344 sunt,
517 3290 604 3355 quae
639 3266 783 3354 praefari
813 3267 912 3332 vobis
945 3267 1076 3333 Patriae
1105 3268 1272 3348 Patribus,
1309 3293 1411 3338 verae

198 3395 369 3462 puraeque
404 3370 589 3459 Religionis
624 3370 887 3458 vigilantissimis
916 3370 1180 3456 inspectoribus,
1210 3375 1410 3458 sacerrimis,

196 3477 457 3562 fortissimisque
493 3475 729 3542 defensoribus
765 3496 839 3540 cum
876 3472 990 3539 debita
1026 3475 1242 3543 observantia
1278 3477 1409 3560 offerre,

200 3593 302 3669 atque
325 3602 376 3644 me
399 3600 497 3665 quam
520 3579 703 3644 humillime
719 3588 832 3644 vestro
853 3578 1041 3664 patrocinio
1058 3581 1298 3659 commendare,
1322 3593 1355 3648 et
1369 3593 1410 3648 ut
1508 3583 1509 3598 ¹

197 3684 369 3750 levidense
390 3682 467 3759 hoc,
489 3683 631 3769 benigne
647 3704 666 3746 a
682 3703 732 3746 me
753 3682 933 3768 accipiatis,
955 3705 1073 3769 rogare
1090 3683 1191 3750 volui.
1235 3685 1408 3772 Superest,

197 3798 244 3866 ut,
272 3808 492 3875 quaecunque
518 3808 708 3872 possumus,
740 3786 812 3850 Deo
840 3807 901 3870 pro
932 3786 1007 3850 luce
1033 3785 1216 3874 Evangelii,
1247 3811 1307 3874 pro
1338 3798 1407 3854 tam

198 3899 315 3978 aperto
347 3891 421 3977 ejus
450 3889 641 3955 testimonio
672 3911 711 3954 ac
741 3909 803 3974 pro
830 3890 986 3954 omnibus
1011 3891 1083 3976 ejus
1112 3889 1289 3969 beneficiis,
1318 3915 1407 3978 qnae

197 3993 397 4072 ineffabilia,
432 3992 626 4081 infinitaque
655 4001 749 4068 sunt,
779 3993 903 4080 gratias
934 4015 1070 4075 agamus
1101 4015 1200 4080 quam
1229 3995 1405 4073 maximas,

199 4119 341 4186 eumque
371 4118 541 4186 rqgemns,
579 4106 617 4162 ut
645 4117 779 4162 usuram
808 4095 929 4162 horum
964 4096 1077 4182 largiri
1113 4097 1212 4162 nobis
1242 4109 1405 4184 perpetuo

198 4203 356 4291 dignetur
376 4210 415 4266 ut
435 4201 470 4266 in
492 4200 654 4276 libertate,
679 4221 746 4288 qua
769 4199 923 4266 Christus
944 4221 1007 4264 nos
1021 4199 1184 4277 liberavit,
1208 4211 1404 4288 perstemus,

196 4328 306 4395 neque
326 4303 553 4392 regredientes
574 4303 744 4370 servitutis
760 4304 845 4391 jugo
867 4302 1082 4388 implicemur,
1106 4325 1148 4369 ne
1168 4303 1354 4372 libertatem
1369 4305 1405 4372 in

197 4411 365 4477 licentiam
387 4415 563 4485 vertamus,
587 4407 648 4476 sed
667 4416 706 4473 ut
726 4408 780 4494 pie
800 4414 983 4494 sancteque
998 4429 1072 4474 enm
1087 4407 1247 4488 colamus,
1269 4431 1309 4476 ac
1324 4408 1404 4482 hae·

194 4513 294 4589 redes
309 4513 442 4580 tandem
459 4513 582 4578 aeterni
599 4511 710 4601 gaudii
726 4511 932 4598 recipiamur.
