3050 5046
612 324 812 424 Q—

105 530 187 617 quia
210 527 331 594 fortior
355 528 533 616 respicitur
562 527 782 594 delectatione
813 527 982 612 opposita,
1011 548 1153 614 quacum
1180 527 1312 592 luctans

105 634 216 698 victor
239 632 359 700 evadit.
404 631 480 697 Hoc
507 653 636 716 semper
659 629 838 696 tenendum
864 630 933 694 erit.
979 629 1096 716 Neque
1118 629 1311 705 mirandum,

112 735 209 822 quod
228 735 408 800 Jansenius
428 735 462 798 in
479 756 519 799 eo
541 734 672 812 doceat,
696 734 898 820 superiorem
914 733 1168 798 delectationem
1185 753 1315 820 semper

104 839 267 903 minorem
298 859 471 923 superare,
502 837 681 924 siquidem,
716 858 818 924 quum
848 835 1088 901 delectationes
1117 835 1313 923 aequalibus

105 941 241 1014 viribus
260 949 396 1004 ornatae
418 939 596 1021 luctentur,
620 940 794 1026 aequalem
815 939 953 1004 alteram
974 939 1107 1004 vincere
1127 961 1197 1004 non
1212 960 1313 1028 posse
1374 999 1377 1005 .

105 1043 281 1130 aequalem
297 1043 443 1118 alteram,
460 1042 520 1107 sed
535 1043 742 1108 voluntatem
757 1043 792 1106 in
807 1043 921 1108 medio·
934 1063 1132 1129 suspensam
1147 1063 1314 1108 remanere

106 1155 260 1224 censeat3
287 1167 396 1232 neque
424 1145 510 1210 banc
536 1145 743 1210 voluntatem
769 1145 829 1212 tali
850 1145 950 1210 modo
974 1148 1071 1210 sitam
1094 1145 1182 1210 etin
1204 1143 1313 1210 medio

104 1249 266 1324 relictam,
288 1249 316 1312 si
332 1251 458 1335 gratiae
473 1259 506 1315 et
521 1250 814 1335 concupiscentiae
826 1250 916 1314 'vires
933 1251 1090 1337 aequales
1106 1248 1181 1326 sint,
1202 1247 1313 1312 libidi-

104 1374 182 1416 nem
209 1352 342 1416 vincere
363 1373 467 1437 posse
488 1361 546 1416 aut
567 1352 610 1416 ad
630 1353 715 1417 bene
736 1352 899 1441 agendum
921 1375 957 1418 se
978 1353 1153 1418 declinare.
1204 1351 1314 1416 Multo

103 1455 209 1542 igitur
224 1455 338 1540 magis,
355 1455 383 1518 si
399 1455 690 1540 concupiscentiae
705 1457 793 1519 vires
807 1455 965 1520 fortiores
982 1456 1058 1537 sint,
1074 1477 1174 1543 quam
1189 1454 1314 1542 gratiae

104 1558 226 1634 virtus,
258 1557 300 1621 ad
329 1557 414 1622 male
444 1557 609 1644 agendum
638 1555 805 1623 hominem
834 1560 1023 1625 necessario
1055 1568 1189 1645 oportet
1217 1556 1314 1633 trahi,

106 1661 197 1726 sieut
214 1668 351 1724 econtra
366 1661 449 1745 ipse,
466 1663 494 1726 si
509 1662 635 1748 gratiae
649 1661 795 1726 facultas
810 1663 918 1749 major
933 1663 976 1727 sit
989 1661 1138 1726 libidinis
1151 1660 1314 1747 potentia,

105 1766 300 1829 necessario
323 1765 356 1827 in
372 1764 498 1828 bonum
511 1775 694 1830 moveatur.
737 1764 967 1852 Intelligimus,
981 1764 1174 1830 Janseniurn
1189 1785 1258 1828 non
1274 1762 1316 1828 de

107 1869 216 1954 gratia
237 1888 321 1952 pure
345 1866 541 1944 sufficiente,
565 1889 665 1954 qnam
686 1868 722 1931 in
744 1890 846 1932 sensu
867 1867 1110 1933 catholicorum
1132 1874 1315 1952 spectatam

108 1969 292 2035 excludens
308 1971 423 2056 rejicit,
442 1969 501 2035 sed
517 1969 559 2036 de
575 1972 681 2056 gratia
695 1969 832 2046 efficaci,
856 1993 941 2057 quae
957 1972 987 2035 ei
1002 1971 1179 2036 delectatio
1196 1971 1316 2034 victrix

109 2083 171 2150 est,
196 2073 229 2137 in
245 2073 398 2138 doctrina
420 2095 482 2138 sua
497 2095 604 2160 agere.
648 2073 733 2138 Nam
755 2075 785 2139 ei
806 2075 945 2160 ejusque
966 2073 1104 2138 asseclis
1124 2073 1231 2160 gratia
1251 2073 1316 2137 nisi

107 2177 230 2241 victrix
244 2177 388 2264 ideoque
404 2177 523 2242 efficax
538 2187 599 2251 est,
622 2177 718 2264 quasi
733 2177 834 2242 nulla.
879 2176 981 2240 Nulla
1002 2185 1054 2240 est
1067 2176 1194 2242 homini
1208 2176 1316 2264 gratia

108 2279 246 2364 proprie
272 2281 371 2356 dicta,
400 2280 483 2345 bene
511 2281 682 2366 operandi,
708 2281 773 2344 nisi
796 2279 972 2344 delectatio
996 2279 1138 2345 coelitus
1160 2279 1315 2344 immissa.

109 2380 228 2446 Gratia
254 2381 354 2469 hujus
384 2385 558 2448 suavitatis
582 2383 748 2460 coelestis,
772 2383 836 2447 nisi
859 2382 1084 2476 tanta'fuerit,
1106 2392 1144 2448 ut
1165 2382 1313 2448 libidinis

108 2483 289 2548 delectatio
314 2508 478 2572 oppressa
503 2508 541 2550 ac
564 2487 653 2552 victa
676 2486 781 2561 cedat,
811 2487 845 2550 in
869 2495 1040 2571 peccatum
1063 2486 1164 2550 homo
1188 2485 1314 2565 incidit,

108 2597 177 2661 aut,
193 2585 297 2651 fluctu
313 2588 570 2653 delectationum
585 2573 779 2670 alternante,
795 2589 953 2653 voluntas
969 2590 1002 2653 in
1018 2611 1184 2674 suspenso
1207 2609 1311 2654 rema·

108 2699 176 2769 net,
193 2711 263 2753 non
279 2685 456 2755 efficaciter
473 2691 599 2765 volana,
621 2693 712 2778 quod
729 2685 909 2756 volendum
925 2702 985 2770 est,
1006 2713 1121 2757 revera
1135 2713 1205 2756 non
1220 2692 1315 2767 bene,

106 2814 178 2856 non
208 2791 292 2854 male
323 2813 484 2876 oparans3
514 2794 543 2857 si
569 2815 648 2857 vero
675 2794 733 2861 illa
758 2795 911 2880 superior
937 2795 1062 2872 vicerit,
1093 2797 1178 2860 bene
1207 2796 1317 2881 agitur

109 2904 212 2982 atque
233 2894 360 2958 bonum
382 2895 559 2978 perficitur.
604 2895 780 2962 Sufficiens
803 2898 908 2984 gratia
923 2920 992 2962 non
1007 2898 1202 2974 admittitur,
1226 2921 1315 2963 sum·

108 3021 196 3062 mum
213 2997 441 3072 initiandus,
457 3018 561 3081 parva
576 2999 740 3064 desideria
757 3011 790 3065 et
804 3001 998 3066 imbecillem
1015 3001 1221 3067 voluntatem
1238 3003 1316 3068 dare

108 3101 244 3187 hocque
260 3102 294 3164 in
311 3121 413 3164 sensu
428 3108 544 3164 tarnem
561 3101 678 3166 efficax
694 3104 807 3191 aliquo
823 3105 924 3170 modo
941 3105 1069 3171 dicitur.
1114 3108 1181 3170 Aut
1192 3107 1316 3170 rectius

111 3203 306 3268 disserimus
329 3204 444 3290 potins
466 3203 624 3281 dicentes,
649 3205 864 3272 sufficientem
888 3209 1020 3295 quidem
1036 3209 1173 3295 gratiam
1188 3208 1316 3274 homini

111 3328 196 3383 esse,
227 3305 287 3370 sed
317 3307 423 3370 solum
455 3307 489 3371 in
519 3316 678 3392 quantum
708 3310 751 3374 ad
776 3313 958 3395 potentiam
981 3313 1105 3399 gratiae
1128 3311 1317 3376 absolutam
1392 3293 1395 3300 ¹

110 3409 318 3495 respiciatur,
339 3410 386 3474 ita
407 3419 444 3474 ut
465 3409 565 3474 homo
582 3410 783 3496 simpliciter,
806 3413 964 3498 praecisis
981 3415 1135 3480 omnibus
1151 3415 1315 3501 cupidita-

111 3513 155 3576 tis
178 3511 374 3577 reluctantis
390 3515 646 3578 circumstantiis
662 3526 694 3579 et
709 3536 777 3578 non
794 3528 945 3600 respecta
961 3518 1103 3604 subjecti
1117 3519 1315 3597 resistentia,

112 3623 279 3700 potestate
302 3617 344 3680 ad
368 3618 449 3682 bene
471 3617 633 3704 agendum
656 3615 842 3682 sufficiente
857 3619 995 3687 fruatur.
1039 3620 1110 3684 Jam
1128 3643 1206 3686 vero
1220 3643 1316 3706 repe·

111 3717 249 3782 tendum
278 3729 345 3795 est,
375 3719 408 3782 id
437 3720 530 3806 quod
554 3720 624 3806 jam
654 3721 789 3806 saepius
825 3722 1130 3801 animadvertimus,
1166 3727 1317 3810 quamvis

112 3821 270 3888 voluntas
291 3833 432 3909 peccato
455 3825 607 3910 originali
628 3824 799 3901 infirmata,
823 3825 991 3910 depressa,
1015 3825 1124 3891 deleta
1139 3828 1192 3904 sit,
1215 3828 1316 3894 bomo

112 3946 252 4010 semper,
276 3926 383 4011 gratia
404 3926 635 3992 delectationis
658 3929 813 3994 coelestis
829 3939 983 3995 movente
999 3930 1207 4011 attrahente,
1230 3932 1315 3999 bene
1348 3985 1349 3988 η

112 4036 190 4116 agat
217 4050 390 4094 necesse
420 4052 520 4096 esse.
563 4030 717 4097 lustitiae
747 4030 1002 4098 delectationem
1032 4034 1201 4099 vinculum
1231 4058 1314 4112 esse,

113 4154 181 4219 qno
203 4132 344 4196 liberum
365 4133 537 4199 arbitrium
558 4134 592 4198 in
613 4135 735 4201 virtute
756 4137 804 4200 ita
823 4137 1059 4202 invincibiliter
1078 4137 1200 4224 ligetur
1214 4151 1315 4226 atque

115 4237 372 4321 constringatur,
400 4245 438 4301 nt
460 4238 620 4323 quamdiu
645 4261 685 4303 eo
711 4241 1010 4314 retineatur,1nale
1034 4262 1132 4328 agere
1159 4255 1314 4329 nequeat.

173 4337 311 4404 Homini
326 4338 360 4402 in
376 4347 467 4403 statu
481 4340 680 4427 integritatis
697 4343 833 4408 condito
849 4343 987 4431 gratiam
1003 4365 1196 4410 concessam
1211 4345 1315 4411 fuisse

112 4439 219 4506 libero
244 4441 380 4506 arbitrio
397 4442 574 4519 subditam,
598 4467 665 4530 qua
679 4445 836 4512 voluntas
853 4469 933 4512 sana
946 4448 1095 4534 potuerit
1109 4449 1158 4513 uti
1174 4464 1315 4515 autnon

113 4545 179 4626 uti;
204 4543 330 4611 homini
355 4545 452 4634 lapso
474 4567 554 4614 vero
575 4567 647 4613 eam
669 4570 742 4614 esse
763 4551 910 4639 gratiam,
937 4553 990 4618 cui
1011 4551 1168 4620 voluntas
1188 4553 1315 4622 infirma
