3050 5046
642 309 843 410 -nm-

135 513 275 590 niensis)
290 513 323 578 in
336 514 452 580 eodem
464 535 598 580 munere
611 515 816 580 constitutus
828 513 943 580 eadem
956 535 1029 580 cum
1042 513 1136 600 Bajo,
1152 509 1348 598 professore

136 639 179 682 ex
193 639 282 682 anno
301 619 392 684 1551.
410 618 623 696 Lovaniensi,
640 617 794 695 docebat,
812 619 942 706 quibus
950 618 1044 682 multi
1062 614 1211 701 theologi
1228 632 1344 677 assen-

133 720 315 786 tiebantur.
359 721 507 788 Econtra
528 722 680 801 Lessius,
704 745 745 788 ex
766 722 967 788 Jesuitarum
988 719 1127 795 familia,
1151 718 1205 782 cui
1224 715 1355 782 Hame-,

134 823 201 888 lius
217 823 344 888 sodalis
360 845 396 888 se
412 825 537 912 junxit,
560 847 751 913 repugnans
768 826 954 890 doctrinam
971 825 1114 911 Bajanae
1130 842 1270 908 prorsus
1286 817 1344 884 ad·

134 935 321 992 versantem
348 927 515 1004 exhibuit,
544 929 641 1015 cujus
668 929 789 994 multas
811 929 926 994 theses
947 926 1154 994 Universitas
1175 925 1344 988 literarum
1366 987 1368 991 .

133 1029 357 1094 Lovaniensis
383 1032 592 1116 proscripsit.
651 1031 826 1098 Praeterea
856 1033 898 1098 ad
928 1031 1060 1098 fortiter
1084 1051 1123 1094 ac
1153 1034 1347 1092 constanter

134 1131 318 1198 doctrinam
349 1133 541 1199 bassianam
579 1137 854 1223 oppugnandam,
900 1136 1056 1222 Bajanam
1092 1153 1173 1198 vero
1210 1140 1345 1196 strenue

134 1235 378 1302 defendendam
391 1237 541 1304 Jacobus
555 1238 740 1304 Jausonius
757 1239 970 1322 (Jansenius),
988 1235 1192 1320 professoris
1208 1254 1344 1300 munere

136 1351 275 1405 ornatus
305 1349 372 1417 est,
410 1342 484 1428 qui,
518 1341 591 1428 Baji
621 1343 762 1418 amicus,
798 1341 946 1408 Jansenii
976 1341 1133 1428 magister
1161 1337 1271 1402 aditus
1302 1333 1345 1402 ad

133 1455 281 1530 systema
314 1444 558 1510 danseniticum
592 1445 784 1533 diligentius
822 1445 1052 1531 praeparabat.
1111 1441 1240 1507 Eodem
1276 1439 1354 1504 fere.

133 1556 282 1632 tempore
299 1546 493 1612 Ludovious
509 1547 647 1624 Melina,
670 1548 799 1614 Jesuita
813 1548 997 1634 Hispanus.
1021 1569 1109 1612 anno
1130 1545 1218 1610 1540.
1235 1551 1345 1620 natus,

133 1670 222 1714 aiano
246 1650 337 1714 1553.
352 1648 553 1716 Jrsuitarum
571 1651 680 1716 ordini
696 1652 896 1737 adscriptus,
921 1650 1040 1716 deinde
1056 1649 1232 1735 professor
1245 1646 1344 1712 theo·

56 1769 59 1776 ’
132 1751 264 1838 logicus
285 1754 319 1817 in
342 1754 468 1840 oppido
486 1753 608 1829 Ebora,
633 1776 721 1840 opus
736 1755 948 1841 inscriptum:
965 1754 1098 1830 „Liberi
1120 1751 1246 1816 arbitrii
1269 1772 1344 1816 cum

132 1857 259 1943 gratiae
274 1856 383 1930 donis,
406 1855 518 1920 diviua
534 1858 764 1943 praescientia,
788 1859 1010 1944 providentia,
1028 1854 1344 1941 praedestinatione,

135 1969 169 2024 et
187 1960 425 2045 reprobatione
447 1960 645 2037 concordia,
668 1961 877 2028 Lissabonae
901 1962 1014 2028 1588.“
1043 1961 1076 2025 in
1097 1960 1205 2024 lucem
1228 1956 1343 2034 edidit,

132 2083 265 2127 sensum
282 2062 480 2149 disciplinae
492 2064 673 2128 Lessianae
689 2087 769 2152 prae
784 2088 820 2130 sc
835 2066 945 2130 ferens
956 2065 1147 2150 multosque
1160 2060 1356 2137 offendens,

133 2166 273 2230 maxime
303 2177 416 2250 patres
446 2167 692 2247 dominicanos,
728 2170 785 2256 qui
816 2168 1015 2233 sententiam
1042 2167 1075 2232 S.
1104 2164 1283 2252 Augustini
1310 2173 1344 2228 et

134 2267 284 2333 Thomas
306 2270 482 2356 Aquinatis
505 2282 623 2336 contra
643 2271 790 2336 Jesuitas
813 2273 906 2336 Scoti
928 2267 1066 2338 scholae
1088 2270 1242 2335 addictos
1263 2289 1341 2354 pro·

135 2373 338 2460 pugnabant.
395 2373 540 2439 Molinae
571 2375 747 2460 opiniones
774 2376 979 2442 adversarias
1010 2373 1188 2440 conciliare
1218 2381 1341 2438 conato

130 2474 279 2540 desuitae
294 2476 497 2540 assistebant
514 2501 586 2541 cnm
598 2478 657 2542 illo
671 2479 890 2544 hominemex
903 2479 1048 2566 propriis
1065 2487 1202 2544 naturae
1215 2475 1342 2540 viribus
1353 2520 1364 2534 ,.

45 2649 47 2654 ,
131 2579 173 2644 ad
197 2581 460 2644 conuertendum
481 2581 609 2667 aliquid
631 2582 784 2647 conferre
806 2593 839 2647 et
860 2584 950 2646 bona
966 2603 1069 2668 opera
1086 2579 1223 2666 exsequi
1240 2599 1342 2664 posse

130 2681 292 2748 docentes
319 2696 419 2770 atque
446 2684 585 2748 scientia
612 2685 664 2748 dei
690 2687 797 2750 media
827 2686 1004 2772 supposita
1032 2684 1121 2750 hanc
1151 2681 1342 2769 opinionem

130 2788 399 2872 comprobantes.
446 2789 572 2852 Melina
598 2788 766 2873 explicare
792 2789 926 2866 enixus,
955 2786 1165 2862 in-homiue,
1188 2786 1342 2852 libertate

129 2889 317 2955 voluntatis
345 2901 553 2966 remanente,
586 2894 724 2978 gratiam
754 2891 900 2956 divinam
928 2893 1074 2977 operari,
1107 2902 1282 2977 utramque
1305 2889 1341 2954 iu

130 2992 223 3057 bono
256 2993 410 3080 quolibet
436 2994 611 3059 efficiendo
639 2996 830 3081 cooperari,
866 2994 995 3069 docuit,
1025 2995 1121 3061 deum
1147 2993 1352 3063 hominibus.

131 3097 270 3184 gratiam
282 3096 371 3171 dare,
387 3108 425 3161 ut
438 3119 552 3162 omnes
565 3097 649 3162 salvi
666 3097 756 3174 fiant,
774 3121 813 3162 eo
830 3109 939 3164 temen
952 3099 1093 3163 consilio
1107 3109 1218 3184 capto,
1234 3119 1340 3184 eaque

131 3199 324 3264 conditione
340 3201 527 3285 supposita,
542 3211 580 3265 ut
593 3202 717 3288 gratiae
731 3203 951 3268 assentientes
967 3203 1031 3289 ipsi
1044 3202 1130 3266 salvi
1145 3201 1213 3266 fieri
1225 3200 1339 3282 velint,

129 3302 319 3376 intendant,
357 3319 589 3388 cooperentur.
649 3303 694 3370 Ut
723 3306 824 3393 igitur
857 3307 963 3394 gratia
993 3305 1172 3371 efficaciter
1201 3305 1340 3369 salutem

130 3406 300 3480 sortiatur,
324 3429 461 3471 necesse
482 3429 556 3471 esse
578 3420 610 3472 et
632 3408 843 3473 solummodo
865 3431 1003 3474 necesse
1025 3432 1109 3485 esse,
1132 3408 1271 3474 liberum
1288 3395 1339 3472 ar·

130 3508 263 3572 bitrium
292 3509 342 3573 illi
371 3533 502 3595 semper
531 3512 742 3576 antecedenti
769 3514 980 3578 assentiatur.
1036 3512 1198 3579 Omnibus
1230 3520 1338 3576 autem

130 3611 225 3676 deum
253 3613 377 3697 gratias
400 3613 585 3678 concedere
613 3614 655 3679 ad
677 3615 818 3680 salutem
839 3617 1101 3704 recuperandam
1123 3615 1338 3691 sufficientes,

129 3717 189 3779 etsi
213 3716 269 3780 alii
289 3717 478 3793 uberiores,
501 3717 555 3780 alii
577 3719 721 3782 minores
744 3729 827 3784 nutu
847 3727 950 3806 atque
971 3720 1109 3784 arbitrio
1133 3741 1212 3792 suo,
1236 3739 1339 3805 quare

128 3817 241 3883 eadem
268 3819 374 3905 gratia
392 3819 442 3882 iili
471 3819 605 3896 efficax,
629 3821 708 3886 hnic
730 3823 884 3886 inefficax
907 3824 1062 3897 exsistat,
1090 3825 1136 3888 ita
1158 3833 1195 3888 ut
1221 3822 1337 3888 eodem

126 3921 294 4007 adjutorio
317 3921 431 3986 divino
454 3945 618 3988 concesso
642 3925 725 3995 alter
750 3948 786 3989 se
809 3935 999 4000 convertat,
1031 3926 1114 3992 alter
1134 3928 1167 3992 in
1190 3927 1339 4012 peccatis

124 4034 303 4089 remaneat.
354 4023 516 4104 Quicum
539 4029 645 4113 gratia
666 4037 805 4115 accepta
826 4030 967 4094 salutem
989 4031 1158 4116 operaturi
1178 4031 1255 4106 sint,
1279 4051 1338 4097 eos

125 4128 264 4192 scientia
290 4127 398 4192 media
423 4132 608 4196 certissime
634 4131 731 4196 deum
760 4133 970 4216 praevidere,
999 4135 1112 4220 itaqua
1138 4133 1178 4198 ad
1207 4133 1338 4198 coelum

122 4229 391 4316 praedestinaro;
415 4241 552 4298 econtra
575 4257 643 4309 eos,
667 4257 754 4321 quos
772 4237 965 4320 praevideat
980 4239 1117 4324 gratiam
1134 4237 1337 4318 deserturos,

124 4333 188 4396 hac
210 4332 375 4420 denegata
396 4337 584 4420 reprobare.
632 4336 710 4402 Sine
726 4340 832 4422 gratia
848 4339 1013 4406 hominem
1032 4361 1119 4425 opus
1135 4339 1259 4404 morale
1275 4340 1337 4407 etsi

116 4432 392 4518 justificationem
409 4461 475 4504 non
493 4440 642 4506 efficiens
659 4441 777 4506 elicere
792 4461 906 4527 posse,
923 4443 1021 4508 deum
1036 4455 1145 4509 autem
1162 4443 1205 4507 ob
1221 4445 1338 4509 merita

122 4563 140 4603 a
177 4539 312 4604 Christo
347 4541 558 4629 redemptore
594 4544 697 4609 allata
729 4544 764 4608 id
798 4545 974 4632 respicere.
1041 4547 1095 4612 Ex
1135 4548 1346 4634 congruismi,
