3050 5046
637 336 840 436 —1-13-

131 535 279 607 humana
303 540 527 617 constituitur,
550 541 598 606 ita
621 550 658 606 ut
680 541 787 628 gratia
809 543 850 606 ab
874 551 997 608 eventu
1019 541 1137 610 efficax
1160 556 1346 623 censeatur,

131 645 213 733 quia
236 644 388 710 effectum
412 645 641 731 consequitur,
672 651 705 710 et
732 643 809 710 ideo
833 644 984 711 effectum
1009 649 1237 734 consequitur,
1267 649 1347 736 quia

131 748 293 814 voluntas
319 748 465 813 humana
488 754 701 833 cooperatur.
746 747 909 826 Diximus,
932 750 967 815 in
990 759 1067 814 actu
1089 751 1197 836 primo
1220 753 1346 839 gratiae

130 850 312 916 efficaciam
331 873 351 915 a
366 852 430 916 deo
448 849 523 916 solo
540 849 692 927 derivari,
708 849 742 915 id
759 859 820 928 est,
836 852 1071 918 antecedenter
1086 853 1128 918 ad
1144 876 1346 922 consensum

128 954 326 1032 voluntatis,
350 954 464 1042 quoad
485 953 635 1020 efficacia
654 954 689 1019 in
705 954 738 1019 vi
759 955 833 1040 ipsa
854 957 980 1042 gratiae
1002 956 1248 1040 praevenientis
1263 979 1344 1024 con·

130 1058 222 1123 sistit
244 1065 324 1144 apta
345 1079 385 1124 ac
405 1059 527 1142 idonea
548 1079 590 1121 ex
613 1079 687 1122 sese
708 1056 750 1121 ad
772 1078 972 1123 consensum
995 1058 1179 1124 voluntatis
1201 1071 1344 1128 certost

129 1159 352 1227 infallibiliter
374 1161 635 1248 exprimendum.
680 1159 809 1225 Efficax
832 1161 940 1248 gratia
962 1161 995 1226 in
1019 1171 1096 1228 actu
1120 1163 1270 1230 secundo
1293 1174 1344 1230 est

127 1265 181 1329 vis
205 1263 318 1330 eadem
346 1287 407 1330 seu
431 1266 535 1330 motio
563 1285 637 1329 eum
664 1272 742 1328 actu
769 1265 959 1350 conjuncta,
987 1287 1047 1330 seu
1073 1276 1176 1352 prout
1201 1267 1341 1354 gratiam

129 1369 345 1455 adjuvantem
361 1375 395 1434 et
410 1367 682 1454 cooperationem
709 1357 893 1432 voluntatis
906 1367 1059 1434 includit.
1105 1368 1220 1435 Omnis
1237 1371 1344 1458 gratia

132 1479 296 1558 quantum
320 1493 362 1536 ex
388 1493 425 1536 se
440 1482 500 1546 est,
528 1470 610 1535 etin
627 1491 688 1534 sua
710 1471 833 1534 virtute
856 1479 1037 1557 spectatur,
1063 1471 1097 1536 iu
1121 1485 1197 1538 actu
1222 1475 1339 1560 primo,
1405 1501 1407 1510 ⁴

126 1573 164 1638 id
181 1582 242 1656 est,
265 1575 300 1638 in
320 1574 475 1660 potentia
493 1595 603 1638 veram
625 1581 658 1637 et
680 1572 869 1659 expeditam
890 1574 1009 1660 agendi
1029 1573 1224 1642 facultatem
1238 1577 1342 1646 relate

128 1677 172 1742 ad
200 1678 477 1753 circumstantias,
507 1678 540 1741 in
567 1673 691 1763 quibus
713 1674 815 1740 bomo
839 1687 1002 1754 versatur,
1026 1679 1178 1764 praebet3
1202 1703 1270 1768 qua
1291 1682 1341 1747 in·

125 1790 275 1847 structus
292 1779 394 1846 homo
411 1781 444 1846 vi
460 1803 519 1867 per
535 1779 673 1844 liberum
690 1779 861 1844 arbitrium
878 1780 920 1844 ad
933 1781 1056 1846 bonum
1073 1782 1340 1868 amplectendum

125 1907 162 1950 se
190 1883 397 1961 determinat,
416 1884 508 1949 ,hanc
537 1884 675 1971 gratiam
702 1881 868 1948 efficacem
896 1883 1025 1959 reddat,
1054 1907 1156 1971 quum
1181 1907 1251 1951 eam
1273 1909 1341 1954 una

126 2009 200 2054 cum
228 1987 354 2052 auxilio
383 1996 587 2073 cooperante
614 1985 655 2050 ad
685 1996 846 2062 „actum
874 1988 1122 2053 secundum“
1149 1988 1270 2068 idest,
1297 1991 1340 2057 ad

126 2089 279 2156 effectum
302 2091 457 2170 reducat3
481 2091 508 2154 si
525 2089 661 2166 resistit,
685 2109 755 2154 eam
770 2089 972 2156 inefficacem
989 2090 1119 2169 efficiat,
1143 2091 1339 2180 quaesuffi-

129 2193 227 2269 ciens,
244 2193 317 2259 sine
333 2193 453 2260 ellectu
469 2201 589 2258 manet.

188 2295 263 2362 Hoc
285 2307 396 2362 autam
416 2295 518 2361 modo
541 2318 582 2360 ex
604 2293 792 2361 sufficiente
814 2295 920 2382 gratia
942 2295 1060 2362 efficax
1079 2296 1125 2364 fit.
1170 2297 1262 2364 Deus
1278 2321 1338 2386 per

126 2399 264 2486 gratiam
288 2399 557 2486 praevenientem
581 2400 707 2485 primos
730 2409 763 2464 et
782 2398 1021 2466 indeliberatos
1038 2400 1185 2480 allectus,
1208 2403 1337 2469 subitas

121 2505 243 2568 mentis
257 2501 502 2568 illustrationes
518 2512 551 2567 et
568 2503 754 2568 voluntatis
775 2503 941 2568 motiones
958 2503 999 2570 ad
1018 2505 1140 2570 bonum
1157 2505 1338 2574 liberaliter

119 2607 296 2682 immissae,
318 2605 460 2694 physice
475 2607 508 2670 in
524 2607 633 2682 nobis,
650 2607 722 2671 sine
738 2607 837 2671 nobis
859 2605 963 2672 libere
979 2609 1240 2694 cooperantibus
1257 2632 1335 2698 pro·

119 2709 222 2784 ducit,
240 2709 362 2796 quibus
380 2709 638 2775 excitationibus
655 2709 863 2774 voluntatem
876 2707 1047 2774 moraliter
1062 2710 1284 2778 invitantibus
1300 2725 1333 2780 ct

121 2811 351 2878 allicientibus
373 2813 492 2878 exinde
512 2834 574 2898 per
597 2811 734 2876 eandem
751 2812 889 2899 gratiam
912 2813 1180 2898 praevenientem
1196 2814 1335 2882 alterum

120 2914 284 2992 effectum,
316 2915 553 3007 deliberatum,
586 2936 787 2980 consensum
818 2914 946 2980 scilicet
975 2917 1102 2982 arbitrii
1130 2919 1272 2984 motioni
1302 2929 1335 2988 et

119 3017 351 3083 exercitationi
388 3017 526 3084 coelesti
564 3017 798 3105 obsequentis,
836 3033 1003 3105 operatur.
1062 3018 1212 3087 Subinde
1241 3043 1332 3090 novo

118 3121 249 3186 influxu
263 3143 423 3209 novaque
439 3123 572 3187 actione
596 3121 808 3209 pergratiam
825 3133 983 3208 tanquam
998 3145 1060 3209 per
1078 3124 1333 3193 instrumentum

118 3225 152 3289 in
175 3232 285 3290 actum
309 3247 383 3290 cum
404 3224 512 3290 libero
534 3224 671 3290 arbitrio
688 3224 870 3290 efficienter
885 3227 1055 3292 concurrit
1070 3237 1104 3292 et
1117 3228 1233 3307 intluit,
1258 3253 1332 3296 cum

120 3326 280 3392 voluntas
296 3327 362 3393 illis
379 3329 505 3416 gratiae
520 3329 668 3394 motibus
685 3351 720 3392 se
736 3328 910 3394 submittit.
954 3326 1027 3395 Una
1043 3339 1095 3395 est
1112 3333 1198 3397 actio
1214 3355 1331 3420 super·

117 3429 291 3508 naturalis,
317 3452 403 3518 quae
423 3430 457 3495 in
480 3444 641 3518 quantum
664 3430 706 3496 ab
722 3431 858 3496 arbitrio
879 3441 998 3500 nostro
1013 3441 1170 3522 tanquam
1188 3459 1209 3503 a
1222 3439 1331 3504 minus

118 3534 301 3619 praecipua
327 3542 423 3619 parte
452 3535 602 3622 integrae
627 3535 734 3622 ipsius
764 3556 885 3600 causae
911 3548 1053 3615 emanat,
1084 3561 1271 3606 consensus
1298 3550 1331 3608 et

117 3635 265 3701 influxus
288 3635 385 3701 liberi
400 3636 527 3702 arbitrii
546 3639 655 3704 nostri
670 3639 706 3704 in
721 3637 812 3703 illum
829 3639 966 3719 dieitur3
987 3641 1198 3729 inquantum
1216 3667 1330 3712 veroa

118 3738 182 3804 deo
198 3759 259 3824 per
279 3739 438 3804 auxilium
454 3743 580 3828 gratiae
596 3742 842 3829 praevenientis
858 3753 1000 3823 emanat,
1023 3757 1179 3833 tanquam
1198 3771 1329 3836 aprae-

117 3842 216 3928 cipua
231 3850 325 3928 parte
347 3843 495 3931 integrae
511 3867 641 3924 causae,
663 3867 683 3934 a
704 3868 771 3932 qua
792 3845 903 3925 habet,
926 3856 964 3913 ut
984 3851 1248 3935 supernaturalis
1274 3854 1328 3936 sit,

114 3945 261 4010 influxus
278 3957 310 4011 et
325 3946 414 4011 aetio
431 3947 484 4012 dei
500 3951 712 4038 pergratiam
728 3949 943 4036 adjuvantem
959 3951 1089 4018 dicitur.

177 4047 435 4136 Objicicutibus,
452 4072 520 4137 quo
539 4052 641 4116 modo
655 4049 727 4118 fieri
744 4053 862 4139 possit,
878 4061 925 4131 ut,
942 4076 1044 4141 quum
1060 4064 1155 4123 actus
1171 4058 1203 4123 iu
1219 4061 1327 4147 gratia

113 4151 188 4237 ipsa
210 4152 434 4218 essentialiter
453 4175 522 4220 non
544 4154 745 4233 includatur,
769 4156 829 4222 sed
851 4157 957 4224 eidem
972 4159 1180 4226 extrinsecus
1195 4163 1249 4243 sit,
1271 4176 1325 4232 ut·

113 4265 193 4340 pote
213 4255 398 4322 voluntatis
420 4258 525 4344 gratia
547 4270 747 4344 praeventae
775 4269 809 4326 et
831 4261 963 4349 adjutae
986 4265 1152 4351 proprius,
1176 4266 1326 4356 itaquea

111 4357 287 4425 voluntate
314 4359 461 4425 humana
488 4362 629 4450 ejusque
655 4385 824 4429 consensu
854 4365 992 4432 effeetus
1016 4369 1141 4456 gratiae
1165 4371 1323 4458 pendeat,

112 4459 194 4528 haee
217 4464 323 4550 gratia
346 4487 477 4551 semper
499 4473 591 4531 certo
612 4465 899 4556 infallibiliterque
921 4470 1082 4551 effectum,
1106 4495 1203 4560 quem
1218 4475 1322 4544 homo

111 4564 144 4630 iu
167 4574 335 4656 potestate
358 4591 419 4635 sua
441 4568 574 4647 habeat,
595 4569 771 4652 sortiatur3
795 4574 1035 4669 quomodoque
1055 4576 1125 4646 fieri
1135 4581 1260 4668 possit,
1284 4592 1322 4652 ut
