3084 5056
659 279 860 380 „⁶⁵-

152 481 331 568 Angustini
354 470 396 547 et*
410 483 567 570 Prosperi
583 482 624 547 de
639 482 945 568 praedestinatione
960 484 1125 550 invidiose
1143 486 1185 550 ab
1202 485 1268 550 illis
1285 509 1346 572 pro

152 585 298 670 positam
311 584 349 664 ¹).
396 585 519 651 Verum
543 586 638 650 libris
654 585 721 650 illis
743 577 805 662 „de
821 585 1125 678 praedestinatione
1141 597 1365 664 sanctornm‚“

153 697 188 752 et
211 686 273 767 „de
286 686 390 752 dono
414 689 701 774 perseverantiae“
723 689 820 767 editis
841 711 866 753 s.
887 690 1094 775 Augustinus
1117 692 1215 756 etiam
1236 713 1366 758 errores

152 789 395 855 monachornm
416 791 708 856 Adrumetinorum
723 792 1113 878 praedestinatianorum,
1135 794 1177 858 ad
1196 816 1283 880 quos
1305 817 1365 880 per

153 891 296 958 Galliam
307 893 479 979 dispersos
492 895 690 960 refutandos
701 895 849 981 Prosper
865 903 897 959 et
909 893 1058 960 Hilarius
1075 907 1226 961 sanctum
1240 907 1366 983 patrem

153 997 397 1083 provocabant,
423 997 555 1066 refellit.
600 997 645 1062 Et
669 997 758 1064 unde
785 997 851 1064 hoe
877 997 1000 1062 fantum
1028 1010 1127 1074 esset,
1155 1001 1182 1064 si
1208 999 1367 1079 haeresis,

154 1121 242 1188 qnae
265 1099 572 1184 praedestinatiana
596 1111 745 1175 vocatur,
769 1109 838 1166 tum
859 1123 927 1165 non
944 1102 1149 1166 exstitisset?
1192 1103 1280 1168 Num
1296 1105 1367 1169 sine

154 1225 258 1268 eausa
285 1203 373 1268 omni
399 1225 452 1268 res
482 1205 721 1269 Adrumentina
744 1203 787 1268 ad
814 1227 840 1269 s.
868 1205 1089 1292 Augustinum
1120 1205 1232 1270 delata
1254 1206 1367 1272 esset?

156 1305 245 1372 Num
268 1305 353 1370 nihil
376 1308 511 1370 omnino
528 1308 597 1372 veri
614 1307 839 1374 interfuisset?
883 1306 969 1372 Num
986 1309 1090 1394 gratis
1106 1331 1132 1376 s.
1148 1311 1367 1396 Augustinus,

154 1431 182 1472 s.
214 1409 378 1494 Prosper,
408 1408 556 1474 Hilarius
587 1431 726 1495 prorsus
757 1409 889 1494 decepti
926 1410 1061 1474 essent?
1118 1409 1206 1476 Num
1242 1411 1368 1478 frustra

153 1512 302 1597 Prosper
324 1522 358 1576 et
382 1511 530 1576 Hilarius
556 1522 688 1578 mortno
715 1513 903 1600 Augustino
932 1512 1157 1578 coelestinum
1182 1537 1303 1600 papam
1326 1515 1369 1580 ad

153 1613 393 1700 exstirpandos
421 1637 550 1680 errores
582 1616 905 1700 praedestinatianos
935 1616 1173 1681 excitavisset?
1227 1616 1369 1683 Omnine

153 1715 300 1804 denique
316 1728 511 1804 argumento
528 1738 669 1784 vacnum
686 1729 736 1784 est
752 1719 845 1795 illud,
862 1718 954 1805 quod
971 1741 996 1784 a.
1012 1718 1220 1804 Augustinus
1236 1722 1368 1788 scribit:

155 1821 352 1896 „Venerunt
373 1819 416 1886 ad
437 1843 501 1886 nos
523 1821 590 1886 dno
607 1823 761 1908 juvenes,
786 1822 987 1888 Cresconius
1010 1832 1043 1886 et
1064 1821 1167 1899 Felix,
1191 1822 1233 1888 de
1256 1833 1369 1890 vestra

156 1924 427 2012 Congregatione
439 1945 475 1988 se
487 1947 561 1990 esse
574 1925 733 1999 dicentes,
751 1926 808 2012 qni
821 1925 920 1989 nobis
933 1924 1118 1990 retulerunt
1130 1927 1368 1994 monasterium

158 2037 302 2092 vestrum
318 2027 480 2092 nonnulla
498 2028 708 2093 dissensione
721 2029 899 2104 turbatum,
915 2049 954 2092 eo
968 2027 1060 2114 qnod
1074 2029 1207 2115 quidam
1224 2031 1258 2094 in
1270 2031 1368 2095 vobis

159 2130 208 2193 sic
234 2130 370 2215 gratiam
397 2130 602 2216 praedicent,
630 2141 667 2195 nt
695 2140 816 2216 negent
844 2130 988 2196 hominis
1019 2153 1092 2196 esse
1116 2132 1256 2198 liberum
1280 2134 1368 2199 arbi-

159 2232 272 2296 trium:
296 2243 329 2297 et
352 2233 445 2320 quod
468 2243 520 2300 est
542 2234 686 2322 gravius,
710 2233 824 2299 dicant
847 2234 939 2320 quod
962 2234 996 2298 in
1020 2234 1073 2300 die
1090 2235 1209 2321 judicii
1232 2259 1301 2302 non
1325 2239 1369 2302 sit

156 2334 349 2402 redditurus
365 2336 449 2401 dens
464 2338 645 2424 unicnique
661 2337 842 2402 secundum
860 2359 963 2423 opera
979 2360 1040 2403 sua
1050 2337 1125 2418 2)Ρ“

220 2437 298 2504 Non
321 2439 453 2504 videtur
473 2461 556 2515 esse.
580 2462 639 2505 cur
652 2439 783 2507 Jacobo
806 2439 985 2505 Sirmondo
1000 2439 1149 2506 Jesnitae
1167 2440 1266 2528 plane
1282 2441 1368 2506 diffi-

154 2541 274 2607 damus
295 2542 328 2606 in
353 2541 515 2618 „historia
529 2542 855 2628 praedestinatiana“
879 2544 1035 2619 narranti,
1059 2544 1244 2610 monachos
1260 2545 1369 2610 Adru-

155 2646 301 2710 metinos
324 2666 435 2710 errore
457 2644 763 2732 praedestinatiano
784 2645 974 2732 implicatos
992 2646 1106 2733 aliquo
1123 2647 1222 2712 modo
1239 2657 1272 2712 et
1288 2669 1369 2713 con-

155 2749 294 2814 strictos
318 2769 406 2824 esse,
437 2749 589 2834 quamvis
613 2747 784 2814 Gilbertus
807 2747 1009 2836 Maugninus
1033 2751 1218 2838 (lllanguin)
1250 2751 1368 2816 lanse-

155 2853 275 2916 nianae
299 2851 428 2917 haeresi
454 2851 609 2916 addictus
635 2850 810 2916 historiam
836 2851 1173 2938 praedestinatianam
1200 2852 1368 2922 Sirmondi

156 2954 252 3020 velut
267 2975 387 3019 meram
408 2953 558 3020 fabulam
574 2954 759 3020 traduxerit
771 2953 811 3035 ³),
835 2955 888 3020 cui
903 2963 1023 3030 tamen,
1047 2977 1115 3020 non
1132 2957 1204 3042 ipse
1220 2956 1369 3022 Sirmon·

156 3058 234 3132 dus,
259 3057 318 3122 sed
334 3056 529 3122 Lndovicus
546 3057 708 3123 Cellotius
724 3055 861 3141 (Cellot)
882 3057 1011 3124 lernita
1025 3058 1059 3123 in
1076 3059 1164 3124 libro
1182 3059 1370 3146 quodam4)

157 3160 342 3247 respondit.
388 3159 543 3225 Norisius
570 3160 749 3227 cardinalis
775 3161 810 3226 in
837 3160 979 3226 historia
1004 3183 1065 3226 sna
1087 3161 1270 3248 Pelagiana
1300 3184 1368 3226 non

153 3265 229 3352 jure
256 3264 372 3328 merito
400 3263 603 3329 contendere
630 3263 773 3340 videtur,
800 3273 949 3351 tempore
976 3286 1003 3329 s.
1030 3264 1189 3351 Prosperi
1216 3265 1368 3330 haeresin

161 3367 495 3453 praedestinatianam
516 3389 586 3432 non
607 3368 785 3445 exstitisse,
809 3367 886 3434 ideo
908 3389 1018 3454 neque
1034 3389 1054 3431 a
1069 3368 1244 3432 monachis
1260 3369 1367 3434 Adru-

158 3471 289 3536 metinis
316 3471 540 3556 excogitatam
567 3493 676 3558 neque
699 3493 719 3534 a
741 3471 909 3557 Prospero
933 3481 967 3536 et
990 3470 1118 3537 Hilario
1142 3471 1367 3559 impugnatam

159 3594 268 3661 neque
285 3595 305 3638 a
319 3571 510 3638 Coelestino
528 3573 726 3640 damnatam.

222 3676 358 3742 sivero
381 3676 457 3763 quis
479 3677 532 3754 sit,
556 3680 614 3764 qni
634 3676 713 3742 hnic
735 3676 815 3742 velit
831 3677 1029 3754 consentire,
1054 3687 1145 3743 certo
1162 3684 1272 3744 tamen
1288 3701 1368 3743 oon-

159 3789 236 3856 stat‚
268 3779 432 3845 Lucidum
462 3781 637 3868 quendam,
668 3781 901 3867 presbyterum
932 3779 1105 3856 Gallicum,
1136 3797 1233 3867 quem
1263 3784 1369 3846 secuti

158 3894 237 3949 sunt
264 3884 444 3961 Monimns,
472 3884 538 3961 alii,
565 3883 744 3950 haereseos
772 3884 1095 3969 praedestinatianae
1122 3895 1291 3950 auctorem
1315 3884 1369 3950 vel

230 4089 251 4156 ¹)
270 4086 390 4141 larrsenii
403 4088 605 4160 „Augustinus“
618 4087 634 4139 l.
648 4089 671 4143 8.
686 4086 719 4140 de
732 4087 833 4140 haeres.
849 4086 940 4157 Pclag.
955 4105 976 4140 c.
990 4090 1039 4150 23..
1054 4087 1125 4158 apud
1138 4086 1318 4142 'l'onrneliuru

226 4175 254 4242 ²)
273 4173 386 4246 Epistol.
405 4192 427 4232 s,
440 4175 584 4245 Augustini
597 4174 631 4228 ad
645 4173 813 4228 Valentinum
825 4177 884 4238 214,
897 4174 962 4226 alias
975 4175 1017 4238 46,
1030 4173 1101 4245 apud
1114 4173 1217 4230 Tourn.

226 4261 252 4329 ³)
272 4261 344 4314 Vett.
363 4269 512 4326 auctorum,
530 4262 574 4332 qui
591 4261 616 4314 in
634 4261 694 4314 Sec.
708 4259 757 4312 IX.
773 4259 805 4312 de
817 4259 952 4330 praedest.
967 4260 1140 4331 scripserunt,
1160 4278 1244 4332 opera
1256 4268 1284 4314 et
1295 4261 1367 4333 frag-

157 4356 253 4399 menta.
273 4346 334 4400 Par.
356 4351 429 4405 1656.
449 4351 464 4404 2
482 4348 543 4401 Vol.
556 4353 595 4412 4.;
614 4348 674 4401 hist.
693 4355 720 4400 ct
736 4346 861 4399 chronica
879 4346 944 4400 diss.
956 4345 976 4400 l.
989 4365 1011 4400 c.
1025 4346 1057 4400 T.
1073 4347 1104 4402 lI.
1118 4347 1189 4418 apud
1202 4343 1263 4402 Jolr.
1278 4348 1368 4402 lloiur.

157 4431 252 4495 llnrtz,
265 4433 413 4488 Handbueh
426 4435 473 4488 der
485 4435 588 4505 allgem.
602 4433 878 4505 llirolrerrgeschichte,
898 4433 977 4487 dritte
990 4434 1060 4488 Auss.
1073 4433 1158 4487 Mitau
1173 4436 1247 4501 1853,
1266 4435 1294 4489 S.
1307 4439 1366 4492 492.

227 4521 253 4590 ⁴)
273 4519 394 4575 Historia
408 4520 589 4577 Gottesrhalci
603 4521 846 4594 praedestinatiani,
860 4519 921 4574 Par.
938 4523 1011 4580 1055.
1025 4520 1077 4586 fol,
1091 4520 1192 4574 Touru.
1206 4531 1231 4575 et
1246 4522 1337 4576 llurtz.
1422 4571 1425 4578 ,

1150 4609 1165 4664 5
