<?xml version="1.0" encoding="UTF-8"?>
<!DOCTYPE html PUBLIC "-//W3C//DTD XHTML 1.0 Transitional//EN"
    "http://www.w3.org/TR/xhtml1/DTD/xhtml1-transitional.dtd">
<html xmlns="http://www.w3.org/1999/xhtml" xml:lang="en" lang="en">
 <head>
  <title>
</title>
<meta http-equiv="Content-Type" content="text/html;charset=utf-8" />
  <meta name='ocr-system' content='tesseract 3.04.00' />
  <meta name='ocr-capabilities' content='ocr_page ocr_carea ocr_par ocr_line ocrx_word'/>
</head>
<body>
  <div class='ocr_page' id='page_1' title='image "./dejansenismiori00kleigoog_0121.png"; bbox 0 0 3050 5046; ppageno 0'>
   <div class='ocr_carea' id='block_1_1' title="bbox 689 351 890 452">
    <p class='ocr_par' dir='ltr' id='par_1_1' title="bbox 689 351 890 452">
     <span class='ocr_line' id='line_1_1' title="bbox 689 351 890 452; baseline 0.005 -2"><span class='ocrx_word' id='word_1_1' title='bbox 689 351 890 452; x_wconf 50' lang='lat' dir='ltr'>Aa..</span> 
     </span>
    </p>
   </div>
   <div class='ocr_carea' id='block_1_2' title="bbox 182 555 1401 1574">
    <p class='ocr_par' dir='ltr' id='par_1_2' title="bbox 182 555 1401 1574">
     <span class='ocr_line' id='line_1_2' title="bbox 182 555 1398 650; baseline 0.002 -24"><span class='ocrx_word' id='word_1_2' title='bbox 182 559 266 626; x_wconf 87' lang='lat' dir='ltr'>deus</span> <span class='ocrx_word' id='word_1_3' title='bbox 282 579 413 645; x_wconf 88' lang='lat' dir='ltr'>semper</span> <span class='ocrx_word' id='word_1_4' title='bbox 428 579 525 644; x_wconf 88' lang='lat' dir='ltr'>quem</span> <span class='ocrx_word' id='word_1_5' title='bbox 543 555 616 622; x_wconf 86' lang='lat' dir='ltr'>vult</span> <span class='ocrx_word' id='word_1_6' title='bbox 636 555 789 622; x_wconf 83' lang='lat' dir='ltr'>ellectum</span> <span class='ocrx_word' id='word_1_7' title='bbox 805 559 1015 644; x_wconf 85' lang='lat' dir='ltr'>pergratiam</span> <span class='ocrx_word' id='word_1_8' title='bbox 1034 575 1270 650; x_wconf 81' lang='lat' dir='ltr'>consequatur,</span> <span class='ocrx_word' id='word_1_9' title='bbox 1293 572 1398 650; x_wconf 89' lang='lat' dir='ltr'>atque</span> 
     </span>
     <span class='ocr_line' id='line_1_3' title="bbox 183 657 1397 751; baseline 0.001 -22"><span class='ocrx_word' id='word_1_10' title='bbox 183 671 274 729; x_wconf 89' lang='lat' dir='ltr'>carta</span> <span class='ocrx_word' id='word_1_11' title='bbox 290 661 481 749; x_wconf 80' lang='lat' dir='ltr'>cognitione</span> <span class='ocrx_word' id='word_1_12' title='bbox 493 657 695 747; x_wconf 85' lang='lat' dir='ltr'>praevideat,</span> <span class='ocrx_word' id='word_1_13' title='bbox 712 681 749 724; x_wconf 88' lang='lat' dir='ltr'>se</span> <span class='ocrx_word' id='word_1_14' title='bbox 762 659 853 725; x_wconf 91' lang='lat' dir='ltr'>bunc</span> <span class='ocrx_word' id='word_1_15' title='bbox 866 659 1087 728; x_wconf 84' lang='lat' dir='ltr'>infallibiliter</span> <span class='ocrx_word' id='word_1_16' title='bbox 1098 674 1397 751; x_wconf 90' lang='lat' dir='ltr'>consequuturum,</span> 
     </span>
     <span class='ocr_line' id='line_1_4' title="bbox 183 762 1397 851; baseline 0.002 -20"><span class='ocrx_word' id='word_1_17' title='bbox 183 765 377 831; x_wconf 88' lang='lat' dir='ltr'>Molinistae</span> <span class='ocrx_word' id='word_1_18' title='bbox 400 764 621 850; x_wconf 89' lang='lat' dir='ltr'>respondent,</span> <span class='ocrx_word' id='word_1_19' title='bbox 645 783 706 849; x_wconf 90' lang='lat' dir='ltr'>per</span> <span class='ocrx_word' id='word_1_20' title='bbox 727 762 898 828; x_wconf 86' lang='lat' dir='ltr'>scientiam</span> <span class='ocrx_word' id='word_1_21' title='bbox 921 785 1020 851; x_wconf 90' lang='lat' dir='ltr'>quam</span> <span class='ocrx_word' id='word_1_22' title='bbox 1043 765 1181 831; x_wconf 89' lang='lat' dir='ltr'>mediam</span> <span class='ocrx_word' id='word_1_23' title='bbox 1204 777 1339 844; x_wconf 88' lang='lat' dir='ltr'>vocant,</span> <span class='ocrx_word' id='word_1_24' title='bbox 1362 767 1397 834; x_wconf 92' lang='lat' dir='ltr'>id</span> 
     </span>
     <span class='ocr_line' id='line_1_5' title="bbox 184 865 1397 956; baseline 0.002 -22"><span class='ocrx_word' id='word_1_25' title='bbox 184 880 245 946; x_wconf 88' lang='lat' dir='ltr'>est,</span> <span class='ocrx_word' id='word_1_26' title='bbox 268 891 329 956; x_wconf 89' lang='lat' dir='ltr'>par</span> <span class='ocrx_word' id='word_1_27' title='bbox 351 867 522 933; x_wconf 90' lang='lat' dir='ltr'>scientiam</span> <span class='ocrx_word' id='word_1_28' title='bbox 545 887 652 932; x_wconf 89' lang='lat' dir='ltr'>rerum</span> <span class='ocrx_word' id='word_1_29' title='bbox 678 865 740 930; x_wconf 90' lang='lat' dir='ltr'>sub</span> <span class='ocrx_word' id='word_1_30' title='bbox 765 865 960 931; x_wconf 85' lang='lat' dir='ltr'>conditione</span> <span class='ocrx_word' id='word_1_31' title='bbox 980 867 1166 934; x_wconf 86' lang='lat' dir='ltr'>futurarum</span> <span class='ocrx_word' id='word_1_32' title='bbox 1189 871 1286 934; x_wconf 92' lang='lat' dir='ltr'>deum</span> <span class='ocrx_word' id='word_1_33' title='bbox 1303 883 1397 936; x_wconf 83' lang='lat' dir='ltr'>certo</span> 
     </span>
     <span class='ocr_line' id='line_1_6' title="bbox 182 969 1397 1060; baseline 0.002 -23"><span class='ocrx_word' id='word_1_34' title='bbox 182 973 361 1060; x_wconf 86' lang='lat' dir='ltr'>praescire,</span> <span class='ocrx_word' id='word_1_35' title='bbox 386 992 483 1058; x_wconf 85' lang='lat' dir='ltr'>quam</span> <span class='ocrx_word' id='word_1_36' title='bbox 508 971 623 1056; x_wconf 85' lang='lat' dir='ltr'>gratia,</span> <span class='ocrx_word' id='word_1_37' title='bbox 648 969 676 1033; x_wconf 92' lang='lat' dir='ltr'>si</span> <span class='ocrx_word' id='word_1_38' title='bbox 699 969 806 1046; x_wconf 88' lang='lat' dir='ltr'>detur,</span> <span class='ocrx_word' id='word_1_39' title='bbox 830 969 984 1035; x_wconf 82' lang='lat' dir='ltr'>ellectum</span> <span class='ocrx_word' id='word_1_40' title='bbox 1007 970 1163 1037; x_wconf 90' lang='lat' dir='ltr'>habitura</span> <span class='ocrx_word' id='word_1_41' title='bbox 1185 974 1238 1049; x_wconf 89' lang='lat' dir='ltr'>sit,</span> <span class='ocrx_word' id='word_1_42' title='bbox 1262 997 1303 1038; x_wconf 86' lang='lat' dir='ltr'>ex</span> <span class='ocrx_word' id='word_1_43' title='bbox 1328 995 1397 1060; x_wconf 88' lang='lat' dir='ltr'>quo</span> 
     </span>
     <span class='ocr_line' id='line_1_7' title="bbox 185 1071 1399 1160; baseline 0.002 -20"><span class='ocrx_word' id='word_1_44' title='bbox 185 1074 328 1140; x_wconf 84' lang='lat' dir='ltr'>subinde</span> <span class='ocrx_word' id='word_1_45' title='bbox 351 1073 520 1140; x_wconf 82' lang='lat' dir='ltr'>decretum</span> <span class='ocrx_word' id='word_1_46' title='bbox 543 1071 620 1137; x_wconf 85' lang='lat' dir='ltr'>talis</span> <span class='ocrx_word' id='word_1_47' title='bbox 643 1072 769 1159; x_wconf 82' lang='lat' dir='ltr'>gratiae</span> <span class='ocrx_word' id='word_1_48' title='bbox 792 1073 1035 1138; x_wconf 79' lang='lat' dir='ltr'>condonandae</span> <span class='ocrx_word' id='word_1_49' title='bbox 1057 1085 1173 1160; x_wconf 88' lang='lat' dir='ltr'>ponat,</span> <span class='ocrx_word' id='word_1_50' title='bbox 1200 1077 1253 1142; x_wconf 88' lang='lat' dir='ltr'>cui</span> <span class='ocrx_word' id='word_1_51' title='bbox 1276 1077 1399 1142; x_wconf 91' lang='lat' dir='ltr'>volun·</span> 
     </span>
     <span class='ocr_line' id='line_1_8' title="bbox 185 1175 1397 1266; baseline 0 -22"><span class='ocrx_word' id='word_1_52' title='bbox 185 1188 285 1245; x_wconf 84' lang='lat' dir='ltr'>tatem</span> <span class='ocrx_word' id='word_1_53' title='bbox 310 1177 485 1242; x_wconf 83' lang='lat' dir='ltr'>lrurnacam</span> <span class='ocrx_word' id='word_1_54' title='bbox 506 1175 725 1241; x_wconf 82' lang='lat' dir='ltr'>infallibiliter</span> <span class='ocrx_word' id='word_1_55' title='bbox 746 1182 780 1240; x_wconf 85' lang='lat' dir='ltr'>et</span> <span class='ocrx_word' id='word_1_56' title='bbox 798 1175 902 1241; x_wconf 89' lang='lat' dir='ltr'>libere</span> <span class='ocrx_word' id='word_1_57' title='bbox 921 1199 1131 1242; x_wconf 77' lang='lat' dir='ltr'>assensuram</span> <span class='ocrx_word' id='word_1_58' title='bbox 1148 1196 1180 1243; x_wconf 85' lang='lat' dir='ltr'>et</span> <span class='ocrx_word' id='word_1_59' title='bbox 1195 1191 1397 1266; x_wconf 83' lang='lat' dir='ltr'>cooperatu-</span> 
     </span>
     <span class='ocr_line' id='line_1_9' title="bbox 183 1278 1399 1370; baseline 0 -22"><span class='ocrx_word' id='word_1_60' title='bbox 183 1303 252 1348; x_wconf 90' lang='lat' dir='ltr'>ram</span> <span class='ocrx_word' id='word_1_61' title='bbox 276 1303 350 1346; x_wconf 88' lang='lat' dir='ltr'>esse</span> <span class='ocrx_word' id='word_1_62' title='bbox 374 1289 590 1367; x_wconf 80' lang='lat' dir='ltr'>praenoscat:</span> <span class='ocrx_word' id='word_1_63' title='bbox 614 1280 752 1365; x_wconf 81' lang='lat' dir='ltr'>gratiam</span> <span class='ocrx_word' id='word_1_64' title='bbox 776 1279 939 1365; x_wconf 87' lang='lat' dir='ltr'>ejusmodi</span> <span class='ocrx_word' id='word_1_65' title='bbox 962 1278 1131 1346; x_wconf 87' lang='lat' dir='ltr'>efficacem</span> <span class='ocrx_word' id='word_1_66' title='bbox 1153 1305 1238 1360; x_wconf 87' lang='lat' dir='ltr'>esse,</span> <span class='ocrx_word' id='word_1_67' title='bbox 1261 1293 1399 1370; x_wconf 90' lang='lat' dir='ltr'>tamque</span> 
     </span>
     <span class='ocr_line' id='line_1_10' title="bbox 185 1382 1399 1468; baseline 0.002 -18"><span class='ocrx_word' id='word_1_68' title='bbox 185 1383 405 1451; x_wconf 82' lang='lat' dir='ltr'>infallibiliter</span> <span class='ocrx_word' id='word_1_69' title='bbox 441 1382 619 1457; x_wconf 87' lang='lat' dir='ltr'>efficacem,</span> <span class='ocrx_word' id='word_1_70' title='bbox 658 1403 755 1468; x_wconf 90' lang='lat' dir='ltr'>quam</span> <span class='ocrx_word' id='word_1_71' title='bbox 794 1383 1048 1467; x_wconf 85' lang='lat' dir='ltr'>praescientiam</span> <span class='ocrx_word' id='word_1_72' title='bbox 1084 1384 1136 1450; x_wconf 89' lang='lat' dir='ltr'>dei</span> <span class='ocrx_word' id='word_1_73' title='bbox 1172 1385 1399 1465; x_wconf 67' lang='lat' dir='ltr'>infallibilem</span> 
     </span>
     <span class='ocr_line' id='line_1_11' title="bbox 185 1484 1401 1574; baseline 0.002 -20"><span class='ocrx_word' id='word_1_74' title='bbox 185 1489 290 1554; x_wconf 90' lang='lat' dir='ltr'>libere</span> <span class='ocrx_word' id='word_1_75' title='bbox 312 1487 481 1552; x_wconf 89' lang='lat' dir='ltr'>hominem</span> <span class='ocrx_word' id='word_1_76' title='bbox 498 1484 706 1560; x_wconf 62' lang='lat' dir='ltr'>&#39;consentire</span> <span class='ocrx_word' id='word_1_77' title='bbox 729 1485 888 1570; x_wconf 91' lang='lat' dir='ltr'>quoniam</span> <span class='ocrx_word' id='word_1_78' title='bbox 910 1487 1058 1574; x_wconf 83' lang='lat' dir='ltr'>cognitio</span> <span class='ocrx_word' id='word_1_79' title='bbox 1075 1497 1170 1554; x_wconf 89' lang='lat' dir='ltr'>actus</span> <span class='ocrx_word' id='word_1_80' title='bbox 1187 1489 1401 1556; x_wconf 86' lang='lat' dir='ltr'>conditiona-</span> 
     </span>
    </p>
   </div>
   <div class='ocr_carea' id='block_1_3' title="bbox 62 1587 1399 1679">
    <p class='ocr_par' dir='ltr' id='par_1_3' title="bbox 62 1587 1399 1679">
     <span class='ocr_line' id='line_1_12' title="bbox 62 1587 1399 1679; baseline 0.006 -27"><span class='ocrx_word' id='word_1_81' title='bbox 62 1643 65 1652; x_wconf 96' lang='lat'><em>.</em></span> <span class='ocrx_word' id='word_1_82' title='bbox 185 1591 261 1657; x_wconf 91' lang='lat' dir='ltr'>liter</span> <span class='ocrx_word' id='word_1_83' title='bbox 290 1591 396 1656; x_wconf 88' lang='lat' dir='ltr'>futuri</span> <span class='ocrx_word' id='word_1_84' title='bbox 425 1587 612 1654; x_wconf 87' lang='lat' dir='ltr'>infallibilis</span> <span class='ocrx_word' id='word_1_85' title='bbox 643 1587 874 1652; x_wconf 87' lang='lat' dir='ltr'>necessitatem</span> <span class='ocrx_word' id='word_1_86' title='bbox 906 1591 1110 1656; x_wconf 85' lang='lat' dir='ltr'>assentiendi</span> <span class='ocrx_word' id='word_1_87' title='bbox 1140 1613 1208 1656; x_wconf 88' lang='lat' dir='ltr'>non</span> <span class='ocrx_word' id='word_1_88' title='bbox 1235 1593 1399 1679; x_wconf 88' lang='lat' dir='ltr'>imponat.</span> 
     </span>
    </p>
   </div>
   <div class='ocr_carea' id='block_1_4' title="bbox 182 1690 1401 1988">
    <p class='ocr_par' dir='ltr' id='par_1_4' title="bbox 182 1690 1401 1988">
     <span class='ocr_line' id='line_1_13' title="bbox 182 1690 1400 1780; baseline 0.001 -19"><span class='ocrx_word' id='word_1_89' title='bbox 182 1695 321 1761; x_wconf 63' lang='lat' dir='ltr'>&#39;Gratiae</span> <span class='ocrx_word' id='word_1_90' title='bbox 351 1692 573 1758; x_wconf 89' lang='lat' dir='ltr'>infallibilitas</span> <span class='ocrx_word' id='word_1_91' title='bbox 603 1691 704 1777; x_wconf 87' lang='lat' dir='ltr'>igitur</span> <span class='ocrx_word' id='word_1_92' title='bbox 731 1712 772 1754; x_wconf 88' lang='lat' dir='ltr'>ex</span> <span class='ocrx_word' id='word_1_93' title='bbox 800 1690 935 1756; x_wconf 89' lang='lat' dir='ltr'>duobus</span> <span class='ocrx_word' id='word_1_94' title='bbox 961 1693 1134 1780; x_wconf 87' lang='lat' dir='ltr'>principiis</span> <span class='ocrx_word' id='word_1_95' title='bbox 1161 1697 1325 1780; x_wconf 89' lang='lat' dir='ltr'>provenit,</span> <span class='ocrx_word' id='word_1_96' title='bbox 1356 1721 1400 1762; x_wconf 87' lang='lat' dir='ltr'>ex</span> 
     </span>
     <span class='ocr_line' id='line_1_14' title="bbox 185 1793 1401 1884; baseline -0.002 -20"><span class='ocrx_word' id='word_1_97' title='bbox 185 1798 367 1864; x_wconf 85' lang='lat' dir='ltr'>intrinseca</span> <span class='ocrx_word' id='word_1_98' title='bbox 387 1797 513 1884; x_wconf 85' lang='lat' dir='ltr'>gratiae</span> <span class='ocrx_word' id='word_1_99' title='bbox 533 1805 566 1860; x_wconf 90' lang='lat' dir='ltr'>et</span> <span class='ocrx_word' id='word_1_100' title='bbox 586 1793 724 1879; x_wconf 88' lang='lat' dir='ltr'>propria</span> <span class='ocrx_word' id='word_1_101' title='bbox 746 1793 868 1859; x_wconf 90' lang='lat' dir='ltr'>virtute</span> <span class='ocrx_word' id='word_1_102' title='bbox 889 1804 923 1859; x_wconf 87' lang='lat' dir='ltr'>et</span> <span class='ocrx_word' id='word_1_103' title='bbox 944 1817 986 1859; x_wconf 89' lang='lat' dir='ltr'>ex</span> <span class='ocrx_word' id='word_1_104' title='bbox 1001 1796 1138 1862; x_wconf 88' lang='lat' dir='ltr'>scientia</span> <span class='ocrx_word' id='word_1_105' title='bbox 1154 1797 1207 1862; x_wconf 88' lang='lat' dir='ltr'>dei</span> <span class='ocrx_word' id='word_1_106' title='bbox 1223 1798 1340 1865; x_wconf 85' lang='lat' dir='ltr'>media.</span> <span class='ocrx_word' id='word_1_107' title='bbox 1355 1837 1401 1848; x_wconf 88' lang='lat'>—</span> 
     </span>
     <span class='ocr_line' id='line_1_15' title="bbox 185 1896 1401 1988; baseline 0 -21"><span class='ocrx_word' id='word_1_108' title='bbox 185 1901 302 1967; x_wconf 90' lang='lat' dir='ltr'>Multis</span> <span class='ocrx_word' id='word_1_109' title='bbox 328 1900 430 1988; x_wconf 89' lang='lat' dir='ltr'>hujus</span> <span class='ocrx_word' id='word_1_110' title='bbox 456 1899 629 1963; x_wconf 87' lang='lat' dir='ltr'>doetrinae</span> <span class='ocrx_word' id='word_1_111' title='bbox 655 1896 855 1961; x_wconf 88' lang='lat' dir='ltr'>adversariis</span> <span class='ocrx_word' id='word_1_112' title='bbox 882 1899 1107 1985; x_wconf 85' lang='lat' dir='ltr'>surgentibus,</span> <span class='ocrx_word' id='word_1_113' title='bbox 1135 1923 1237 1966; x_wconf 88' lang='lat' dir='ltr'>causa</span> <span class='ocrx_word' id='word_1_114' title='bbox 1260 1903 1293 1966; x_wconf 91' lang='lat' dir='ltr'>in</span> <span class='ocrx_word' id='word_1_115' title='bbox 1317 1924 1401 1967; x_wconf 91' lang='lat' dir='ltr'>con·</span> 
     </span>
    </p>
   </div>
   <div class='ocr_carea' id='block_1_5' title="bbox 188 1999 1520 2094">
    <p class='ocr_par' dir='ltr' id='par_1_5' title="bbox 188 1999 1520 2094">
     <span class='ocr_line' id='line_1_16' title="bbox 188 1999 1520 2094; baseline -0.002 -25"><span class='ocrx_word' id='word_1_116' title='bbox 188 2005 382 2094; x_wconf 84' lang='lat' dir='ltr'>gregatioue</span> <span class='ocrx_word' id='word_1_117' title='bbox 399 2003 473 2079; x_wconf 92' lang='lat' dir='ltr'>„de</span> <span class='ocrx_word' id='word_1_118' title='bbox 490 1999 688 2066; x_wconf 88' lang='lat' dir='ltr'>auxiliis“</span> <span class='ocrx_word' id='word_1_119' title='bbox 704 1999 830 2064; x_wconf 85' lang='lat' dir='ltr'>Romae</span> <span class='ocrx_word' id='word_1_120' title='bbox 843 2001 905 2065; x_wconf 92' lang='lat' dir='ltr'>sub</span> <span class='ocrx_word' id='word_1_121' title='bbox 918 1999 1086 2068; x_wconf 86' lang='lat' dir='ltr'>Clemente</span> <span class='ocrx_word' id='word_1_122' title='bbox 1102 2002 1188 2070; x_wconf 92' lang='lat' dir='ltr'>Vlll.</span> <span class='ocrx_word' id='word_1_123' title='bbox 1202 2027 1291 2070; x_wconf 89' lang='lat' dir='ltr'>anno</span> <span class='ocrx_word' id='word_1_124' title='bbox 1306 2005 1400 2071; x_wconf 84' lang='lat'>1599.</span> <span class='ocrx_word' id='word_1_125' title='bbox 1519 2051 1520 2066; x_wconf 67' lang='lat'>,</span> 
     </span>
    </p>
   </div>
   <div class='ocr_carea' id='block_1_6' title="bbox 180 2101 1401 3020">
    <p class='ocr_par' dir='ltr' id='par_1_6' title="bbox 180 2101 1401 3020">
     <span class='ocr_line' id='line_1_17' title="bbox 186 2101 1401 2192; baseline 0.002 -19"><span class='ocrx_word' id='word_1_126' title='bbox 186 2109 301 2174; x_wconf 90' lang='lat' dir='ltr'>habita</span> <span class='ocrx_word' id='word_1_127' title='bbox 335 2107 423 2172; x_wconf 88' lang='lat' dir='ltr'>inter</span> <span class='ocrx_word' id='word_1_128' title='bbox 457 2105 605 2171; x_wconf 83' lang='lat' dir='ltr'>lasuitus</span> <span class='ocrx_word' id='word_1_129' title='bbox 635 2111 668 2168; x_wconf 88' lang='lat' dir='ltr'>et</span> <span class='ocrx_word' id='word_1_130' title='bbox 697 2101 937 2168; x_wconf 88' lang='lat' dir='ltr'>Dominicanos</span> <span class='ocrx_word' id='word_1_131' title='bbox 967 2106 1095 2192; x_wconf 85' lang='lat' dir='ltr'>magnis</span> <span class='ocrx_word' id='word_1_132' title='bbox 1125 2108 1401 2174; x_wconf 75' lang='lat' dir='ltr'>consertionibus</span> 
     </span>
     <span class='ocr_line' id='line_1_18' title="bbox 186 2205 1400 2300; baseline 0.001 -24"><span class='ocrx_word' id='word_1_133' title='bbox 186 2213 312 2300; x_wconf 88' lang='lat' dir='ltr'>agitata</span> <span class='ocrx_word' id='word_1_134' title='bbox 343 2219 403 2275; x_wconf 89' lang='lat' dir='ltr'>est.</span> <span class='ocrx_word' id='word_1_135' title='bbox 449 2208 574 2273; x_wconf 92' lang='lat' dir='ltr'>Paulus</span> <span class='ocrx_word' id='word_1_136' title='bbox 607 2205 657 2283; x_wconf 79' lang='lat' dir='ltr'>V,</span> <span class='ocrx_word' id='word_1_137' title='bbox 688 2227 836 2270; x_wconf 89' lang='lat' dir='ltr'>summus</span> <span class='ocrx_word' id='word_1_138' title='bbox 867 2207 1028 2292; x_wconf 87' lang='lat' dir='ltr'>pontifex,</span> <span class='ocrx_word' id='word_1_139' title='bbox 1059 2231 1147 2274; x_wconf 91' lang='lat' dir='ltr'>anno</span> <span class='ocrx_word' id='word_1_140' title='bbox 1180 2210 1262 2276; x_wconf 89' lang='grc'>1606</span> <span class='ocrx_word' id='word_1_141' title='bbox 1278 2211 1400 2294; x_wconf 87' lang='grc'>(1607.)</span> 
     </span>
     <span class='ocr_line' id='line_1_19' title="bbox 180 2302 1400 2400; baseline 0.001 -20"><span class='ocrx_word' id='word_1_142' title='bbox 180 2315 250 2380; x_wconf 89' lang='lat' dir='ltr'>&#39;fine</span> <span class='ocrx_word' id='word_1_143' title='bbox 274 2302 559 2400; x_wconf 82' lang='lat' dir='ltr'>disputationibus</span> <span class='ocrx_word' id='word_1_144' title='bbox 582 2310 741 2395; x_wconf 87' lang='lat' dir='ltr'>imposito</span> <span class='ocrx_word' id='word_1_145' title='bbox 766 2309 948 2395; x_wconf 90' lang='lat' dir='ltr'>prohibuit,</span> <span class='ocrx_word' id='word_1_146' title='bbox 972 2333 1013 2376; x_wconf 90' lang='lat' dir='ltr'>ne</span> <span class='ocrx_word' id='word_1_147' title='bbox 1036 2311 1141 2378; x_wconf 79' lang='lat' dir='ltr'>altera</span> <span class='ocrx_word' id='word_1_148' title='bbox 1160 2335 1240 2400; x_wconf 88' lang='lat' dir='ltr'>pars</span> <span class='ocrx_word' id='word_1_149' title='bbox 1261 2314 1400 2381; x_wconf 84' lang='lat' dir='ltr'>alteram</span> 
     </span>
     <span class='ocr_line' id='line_1_20' title="bbox 183 2412 1399 2506; baseline 0 -22"><span class='ocrx_word' id='word_1_150' title='bbox 183 2417 313 2506; x_wconf 83' lang='lat' dir='ltr'>injuriis</span> <span class='ocrx_word' id='word_1_151' title='bbox 341 2439 425 2481; x_wconf 87' lang='lat' dir='ltr'>nava</span> <span class='ocrx_word' id='word_1_152' title='bbox 450 2416 630 2480; x_wconf 87' lang='lat' dir='ltr'>haereseos</span> <span class='ocrx_word' id='word_1_153' title='bbox 657 2421 738 2476; x_wconf 84' lang='lat' dir='ltr'>nota</span> <span class='ocrx_word' id='word_1_154' title='bbox 764 2412 920 2490; x_wconf 81' lang='lat' dir='ltr'>afficeret,</span> <span class='ocrx_word' id='word_1_155' title='bbox 951 2417 1156 2500; x_wconf 85' lang='lat' dir='ltr'>permittens,</span> <span class='ocrx_word' id='word_1_156' title='bbox 1187 2429 1226 2482; x_wconf 91' lang='lat' dir='ltr'>ut</span> <span class='ocrx_word' id='word_1_157' title='bbox 1254 2427 1399 2505; x_wconf 88' lang='lat' dir='ltr'>utraque</span> 
     </span>
     <span class='ocr_line' id='line_1_21' title="bbox 181 2511 1400 2608; baseline 0 -21"><span class='ocrx_word' id='word_1_158' title='bbox 181 2521 351 2588; x_wconf 73' lang='lat' dir='ltr'>‘sententia</span> <span class='ocrx_word' id='word_1_159' title='bbox 376 2519 481 2584; x_wconf 90' lang='lat' dir='ltr'>libere</span> <span class='ocrx_word' id='word_1_160' title='bbox 503 2518 538 2584; x_wconf 90' lang='lat' dir='ltr'>in</span> <span class='ocrx_word' id='word_1_161' title='bbox 565 2511 692 2584; x_wconf 90' lang='lat' dir='ltr'>scholis</span> <span class='ocrx_word' id='word_1_162' title='bbox 722 2518 907 2592; x_wconf 86' lang='lat' dir='ltr'>doceretur,</span> <span class='ocrx_word' id='word_1_163' title='bbox 932 2516 1040 2583; x_wconf 89' lang='lat' dir='ltr'>donec</span> <span class='ocrx_word' id='word_1_164' title='bbox 1063 2540 1083 2583; x_wconf 90' lang='lat' dir='ltr'>a</span> <span class='ocrx_word' id='word_1_165' title='bbox 1106 2520 1185 2585; x_wconf 90' lang='lat' dir='ltr'>sede</span> <span class='ocrx_word' id='word_1_166' title='bbox 1208 2521 1400 2608; x_wconf 88' lang='lat' dir='ltr'>apostolica</span> 
     </span>
     <span class='ocr_line' id='line_1_22' title="bbox 186 2621 1400 2710; baseline 0 -20"><span class='ocrx_word' id='word_1_167' title='bbox 186 2621 277 2690; x_wconf 89' lang='lat' dir='ltr'>aliud</span> <span class='ocrx_word' id='word_1_168' title='bbox 294 2631 454 2688; x_wconf 90' lang='lat' dir='ltr'>statutum</span> <span class='ocrx_word' id='word_1_169' title='bbox 466 2621 601 2688; x_wconf 87' lang='lat' dir='ltr'>fuisset.</span> <span class='ocrx_word' id='word_1_170' title='bbox 647 2621 723 2688; x_wconf 90' lang='lat' dir='ltr'>Non</span> <span class='ocrx_word' id='word_1_171' title='bbox 742 2621 905 2686; x_wconf 91' lang='lat' dir='ltr'>minimam</span> <span class='ocrx_word' id='word_1_172' title='bbox 923 2633 1005 2708; x_wconf 90' lang='lat' dir='ltr'>puto</span> <span class='ocrx_word' id='word_1_173' title='bbox 1021 2621 1246 2688; x_wconf 86' lang='lat' dir='ltr'>Jansenianos</span> <span class='ocrx_word' id='word_1_174' title='bbox 1263 2646 1324 2710; x_wconf 90' lang='lat' dir='ltr'>pro</span> <span class='ocrx_word' id='word_1_175' title='bbox 1337 2647 1400 2690; x_wconf 90' lang='lat' dir='ltr'>sua</span> 
     </span>
     <span class='ocr_line' id='line_1_23' title="bbox 187 2726 1398 2812; baseline 0 -19"><span class='ocrx_word' id='word_1_176' title='bbox 187 2726 398 2794; x_wconf 87' lang='lat' dir='ltr'>defendenda</span> <span class='ocrx_word' id='word_1_177' title='bbox 428 2726 582 2792; x_wconf 88' lang='lat' dir='ltr'>doctrina</span> <span class='ocrx_word' id='word_1_178' title='bbox 611 2727 688 2791; x_wconf 89' lang='lat' dir='ltr'>inde</span> <span class='ocrx_word' id='word_1_179' title='bbox 718 2747 852 2791; x_wconf 89' lang='lat' dir='ltr'>causam</span> <span class='ocrx_word' id='word_1_180' title='bbox 882 2733 1001 2790; x_wconf 88' lang='lat' dir='ltr'>nactos</span> <span class='ocrx_word' id='word_1_181' title='bbox 1025 2728 1218 2812; x_wconf 87' lang='lat' dir='ltr'>sumpsisse.</span> <span class='ocrx_word' id='word_1_182' title='bbox 1273 2727 1398 2808; x_wconf 81' lang='lat' dir='ltr'>Quam-</span> 
     </span>
     <span class='ocr_line' id='line_1_24' title="bbox 187 2828 1399 2920; baseline -0.001 -24"><span class='ocrx_word' id='word_1_183' title='bbox 187 2851 286 2920; x_wconf 85' lang='lat' dir='ltr'>quam</span> <span class='ocrx_word' id='word_1_184' title='bbox 323 2852 411 2902; x_wconf 87' lang='lat' dir='ltr'>anno</span> <span class='ocrx_word' id='word_1_185' title='bbox 445 2830 535 2895; x_wconf 86' lang='lat'>1613.</span> <span class='ocrx_word' id='word_1_186' title='bbox 567 2829 726 2895; x_wconf 89' lang='lat' dir='ltr'>Claudius</span> <span class='ocrx_word' id='word_1_187' title='bbox 761 2828 953 2915; x_wconf 84' lang='lat' dir='ltr'>Aquaviva,</span> <span class='ocrx_word' id='word_1_188' title='bbox 987 2829 1203 2914; x_wconf 87' lang='lat' dir='ltr'>praepositus</span> <span class='ocrx_word' id='word_1_189' title='bbox 1232 2829 1399 2916; x_wconf 86' lang='lat' dir='ltr'>generalis</span> 
     </span>
     <span class='ocr_line' id='line_1_25' title="bbox 186 2931 1398 3020; baseline -0.002 -20"><span class='ocrx_word' id='word_1_190' title='bbox 186 2933 358 3000; x_wconf 89' lang='lat' dir='ltr'>societatis</span> <span class='ocrx_word' id='word_1_191' title='bbox 374 2932 455 2998; x_wconf 88' lang='lat' dir='ltr'>Jesu</span> <span class='ocrx_word' id='word_1_192' title='bbox 471 2932 610 3020; x_wconf 89' lang='lat' dir='ltr'>speciali</span> <span class='ocrx_word' id='word_1_193' title='bbox 631 2933 766 2998; x_wconf 88' lang='lat' dir='ltr'>decreto</span> <span class='ocrx_word' id='word_1_194' title='bbox 789 2931 905 3007; x_wconf 87' lang='lat' dir='ltr'>vetuit,</span> <span class='ocrx_word' id='word_1_195' title='bbox 929 2954 971 2996; x_wconf 92' lang='lat' dir='ltr'>ne</span> <span class='ocrx_word' id='word_1_196' title='bbox 987 2931 1141 2996; x_wconf 90' lang='lat' dir='ltr'>doctriua</span> <span class='ocrx_word' id='word_1_197' title='bbox 1155 2933 1282 3018; x_wconf 85' lang='lat' dir='ltr'>gratiae</span> <span class='ocrx_word' id='word_1_198' title='bbox 1298 2933 1398 3000; x_wconf 90' lang='lat' dir='ltr'>Moli·</span> 
     </span>
    </p>
   </div>
   <div class='ocr_carea' id='block_1_7' title="bbox 183 3034 1519 3122">
    <p class='ocr_par' dir='ltr' id='par_1_7' title="bbox 183 3034 1519 3122">
     <span class='ocr_line' id='line_1_26' title="bbox 183 3034 1519 3122; baseline -0.001 -19"><span class='ocrx_word' id='word_1_199' title='bbox 183 3039 302 3103; x_wconf 86' lang='lat' dir='ltr'>nianae</span> <span class='ocrx_word' id='word_1_200' title='bbox 332 3059 351 3121; x_wconf 85' lang='lat' dir='ltr'>a</span> <span class='ocrx_word' id='word_1_201' title='bbox 380 3035 523 3100; x_wconf 86' lang='lat' dir='ltr'>familiae</span> <span class='ocrx_word' id='word_1_202' title='bbox 552 3057 633 3101; x_wconf 88' lang='lat' dir='ltr'>suae</span> <span class='ocrx_word' id='word_1_203' title='bbox 662 3035 837 3100; x_wconf 88' lang='lat' dir='ltr'>sodalibus</span> <span class='ocrx_word' id='word_1_204' title='bbox 872 3034 1065 3111; x_wconf 88' lang='lat' dir='ltr'>doceretur,</span> <span class='ocrx_word' id='word_1_205' title='bbox 1103 3036 1196 3122; x_wconf 92' lang='lat' dir='ltr'>quod</span> <span class='ocrx_word' id='word_1_206' title='bbox 1227 3037 1398 3104; x_wconf 89' lang='lat' dir='ltr'>decretum</span> <span class='ocrx_word' id='word_1_207' title='bbox 1518 3081 1519 3116; x_wconf 75' lang='lat'>,</span> 
     </span>
    </p>
   </div>
   <div class='ocr_carea' id='block_1_8' title="bbox 151 3138 1398 4680">
    <p class='ocr_par' dir='ltr' id='par_1_8' title="bbox 151 3138 1398 3526">
     <span class='ocr_line' id='line_1_27' title="bbox 183 3138 1398 3228; baseline 0.001 -22"><span class='ocrx_word' id='word_1_208' title='bbox 183 3151 304 3228; x_wconf 89' lang='lat' dir='ltr'>postea</span> <span class='ocrx_word' id='word_1_209' title='bbox 333 3140 460 3205; x_wconf 90' lang='lat' dir='ltr'>Mutius</span> <span class='ocrx_word' id='word_1_210' title='bbox 490 3139 709 3204; x_wconf 88' lang='lat' dir='ltr'>Picoolomini</span> <span class='ocrx_word' id='word_1_211' title='bbox 737 3139 954 3224; x_wconf 86' lang='lat' dir='ltr'>praepositus</span> <span class='ocrx_word' id='word_1_212' title='bbox 982 3139 1146 3225; x_wconf 83' lang='lat' dir='ltr'>generalis</span> <span class='ocrx_word' id='word_1_213' title='bbox 1176 3138 1398 3207; x_wconf 87' lang='lat' dir='ltr'>confirmavit.</span> 
     </span>
     <span class='ocr_line' id='line_1_28' title="bbox 182 3242 1397 3332; baseline -0.002 -21"><span class='ocrx_word' id='word_1_214' title='bbox 182 3243 359 3332; x_wconf 79' lang='lat' dir='ltr'>Aquaviva</span> <span class='ocrx_word' id='word_1_215' title='bbox 388 3252 497 3308; x_wconf 89' lang='lat' dir='ltr'>autem</span> <span class='ocrx_word' id='word_1_216' title='bbox 529 3243 712 3308; x_wconf 89' lang='lat' dir='ltr'>doctrinam</span> <span class='ocrx_word' id='word_1_217' title='bbox 743 3242 785 3305; x_wconf 93' lang='lat' dir='ltr'>de</span> <span class='ocrx_word' id='word_1_218' title='bbox 806 3242 913 3328; x_wconf 85' lang='lat' dir='ltr'>gratia</span> <span class='ocrx_word' id='word_1_219' title='bbox 942 3262 1091 3328; x_wconf 88' lang='lat' dir='ltr'>congrua</span> <span class='ocrx_word' id='word_1_220' title='bbox 1114 3252 1147 3308; x_wconf 88' lang='lat' dir='ltr'>et</span> <span class='ocrx_word' id='word_1_221' title='bbox 1168 3244 1354 3332; x_wconf 84' lang='lat' dir='ltr'>incongrua</span> <span class='ocrx_word' id='word_1_222' title='bbox 1377 3267 1397 3309; x_wconf 90' lang='lat' dir='ltr'>a</span> 
     </span>
     <span class='ocr_line' id='line_1_29' title="bbox 183 3343 1397 3434; baseline -0.001 -21"><span class='ocrx_word' id='word_1_223' title='bbox 183 3347 341 3413; x_wconf 86' lang='lat' dir='ltr'>Suarezio</span> <span class='ocrx_word' id='word_1_224' title='bbox 369 3355 402 3412; x_wconf 90' lang='lat' dir='ltr'>et</span> <span class='ocrx_word' id='word_1_225' title='bbox 428 3344 618 3432; x_wconf 88' lang='lat' dir='ltr'>Vasquezio</span> <span class='ocrx_word' id='word_1_226' title='bbox 647 3344 785 3410; x_wconf 87' lang='lat' dir='ltr'>Jesuitis</span> <span class='ocrx_word' id='word_1_227' title='bbox 815 3343 1005 3422; x_wconf 88' lang='lat' dir='ltr'>exhibitam,</span> <span class='ocrx_word' id='word_1_228' title='bbox 1037 3367 1123 3432; x_wconf 89' lang='lat' dir='ltr'>quae</span> <span class='ocrx_word' id='word_1_229' title='bbox 1153 3345 1397 3434; x_wconf 88' lang='lat' dir='ltr'>Congruismus</span> 
     </span>
     <span class='ocr_line' id='line_1_30' title="bbox 151 3446 989 3526; baseline -0.002 -11"><span class='ocrx_word' id='word_1_230' title='bbox 151 3510 153 3515; x_wconf 88' lang='lat'><em>.</em></span> <span class='ocrx_word' id='word_1_231' title='bbox 183 3451 314 3526; x_wconf 89' lang='lat' dir='ltr'>dicitur,</span> <span class='ocrx_word' id='word_1_232' title='bbox 331 3451 366 3514; x_wconf 92' lang='lat' dir='ltr'>in</span> <span class='ocrx_word' id='word_1_233' title='bbox 382 3449 509 3514; x_wconf 90' lang='lat' dir='ltr'>scholis</span> <span class='ocrx_word' id='word_1_234' title='bbox 525 3449 720 3514; x_wconf 86' lang='lat' dir='ltr'>tradendam</span> <span class='ocrx_word' id='word_1_235' title='bbox 737 3446 989 3513; x_wconf 86' lang='lat' dir='ltr'>commendavit.</span> 
     </span>
    </p>

    <p class='ocr_par' dir='ltr' id='par_1_9' title="bbox 178 3548 1394 4680">
     <span class='ocr_line' id='line_1_31' title="bbox 246 3548 1394 3638; baseline -0.002 -18"><span class='ocrx_word' id='word_1_236' title='bbox 246 3554 416 3621; x_wconf 83' lang='lat' dir='ltr'>Intellexit</span> <span class='ocrx_word' id='word_1_237' title='bbox 438 3563 548 3619; x_wconf 87' lang='lat' dir='ltr'>autem</span> <span class='ocrx_word' id='word_1_238' title='bbox 570 3552 748 3618; x_wconf 86' lang='lat' dir='ltr'>Suaresius</span> <span class='ocrx_word' id='word_1_239' title='bbox 770 3551 817 3616; x_wconf 92' lang='lat' dir='ltr'>ita</span> <span class='ocrx_word' id='word_1_240' title='bbox 837 3550 975 3638; x_wconf 82' lang='lat' dir='ltr'>gratiam</span> <span class='ocrx_word' id='word_1_241' title='bbox 992 3548 1221 3625; x_wconf 85' lang='lat' dir='ltr'>sufficientem,</span> <span class='ocrx_word' id='word_1_242' title='bbox 1245 3561 1284 3616; x_wconf 88' lang='lat' dir='ltr'>ut</span> <span class='ocrx_word' id='word_1_243' title='bbox 1300 3549 1394 3631; x_wconf 87' lang='lat' dir='ltr'>haec,</span> 
     </span>
     <span class='ocr_line' id='line_1_32' title="bbox 182 3654 1393 3740; baseline -0.003 -15"><span class='ocrx_word' id='word_1_244' title='bbox 182 3667 301 3725; x_wconf 84' lang='lat' dir='ltr'>natura</span> <span class='ocrx_word' id='word_1_245' title='bbox 317 3667 350 3723; x_wconf 89' lang='lat' dir='ltr'>et</span> <span class='ocrx_word' id='word_1_246' title='bbox 366 3658 487 3722; x_wconf 91' lang='lat' dir='ltr'>virtute</span> <span class='ocrx_word' id='word_1_247' title='bbox 508 3657 638 3722; x_wconf 90' lang='lat' dir='ltr'>interna</span> <span class='ocrx_word' id='word_1_248' title='bbox 659 3655 701 3719; x_wconf 87' lang='lat' dir='ltr'>ab</span> <span class='ocrx_word' id='word_1_249' title='bbox 718 3655 846 3720; x_wconf 87' lang='lat' dir='ltr'>efficaci</span> <span class='ocrx_word' id='word_1_250' title='bbox 861 3676 929 3718; x_wconf 92' lang='lat' dir='ltr'>non</span> <span class='ocrx_word' id='word_1_251' title='bbox 946 3654 1113 3731; x_wconf 86' lang='lat' dir='ltr'>distincta,</span> <span class='ocrx_word' id='word_1_252' title='bbox 1137 3654 1171 3718; x_wconf 90' lang='lat' dir='ltr'>in</span> <span class='ocrx_word' id='word_1_253' title='bbox 1187 3676 1222 3718; x_wconf 90' lang='lat' dir='ltr'>se</span> <span class='ocrx_word' id='word_1_254' title='bbox 1238 3655 1312 3740; x_wconf 91' lang='lat' dir='ltr'>ipsa</span> <span class='ocrx_word' id='word_1_255' title='bbox 1327 3657 1393 3722; x_wconf 89' lang='lat' dir='ltr'>vim</span> 
     </span>
     <span class='ocr_line' id='line_1_33' title="bbox 182 3757 1392 3847; baseline -0.003 -19"><span class='ocrx_word' id='word_1_256' title='bbox 182 3763 322 3829; x_wconf 86' lang='lat' dir='ltr'>activam</span> <span class='ocrx_word' id='word_1_257' title='bbox 346 3772 379 3826; x_wconf 90' lang='lat' dir='ltr'>et</span> <span class='ocrx_word' id='word_1_258' title='bbox 402 3761 600 3847; x_wconf 90' lang='lat' dir='ltr'>principium</span> <span class='ocrx_word' id='word_1_259' title='bbox 624 3759 744 3846; x_wconf 83' lang='lat' dir='ltr'>agendi</span> <span class='ocrx_word' id='word_1_260' title='bbox 767 3759 944 3823; x_wconf 85' lang='lat' dir='ltr'>continens</span> <span class='ocrx_word' id='word_1_261' title='bbox 967 3757 1176 3844; x_wconf 86' lang='lat' dir='ltr'>completam,</span> <span class='ocrx_word' id='word_1_262' title='bbox 1200 3759 1392 3844; x_wconf 88' lang='lat' dir='ltr'>perfectam,</span> 
     </span>
     <span class='ocr_line' id='line_1_34' title="bbox 181 3859 1393 3955; baseline -0.004 -24"><span class='ocrx_word' id='word_1_263' title='bbox 181 3860 365 3955; x_wconf 83' lang='lat' dir='ltr'>proximam</span> <span class='ocrx_word' id='word_1_264' title='bbox 395 3865 577 3950; x_wconf 88' lang='lat' dir='ltr'>potentiam</span> <span class='ocrx_word' id='word_1_265' title='bbox 609 3862 652 3927; x_wconf 91' lang='lat' dir='ltr'>ad</span> <span class='ocrx_word' id='word_1_266' title='bbox 683 3863 806 3926; x_wconf 91' lang='lat' dir='ltr'>bonum</span> <span class='ocrx_word' id='word_1_267' title='bbox 838 3884 924 3948; x_wconf 91' lang='lat' dir='ltr'>opus</span> <span class='ocrx_word' id='word_1_268' title='bbox 960 3859 1194 3946; x_wconf 87' lang='lat' dir='ltr'>perficiendum</span> <span class='ocrx_word' id='word_1_269' title='bbox 1225 3861 1393 3927; x_wconf 79' lang='lat' dir='ltr'>voluntati</span> 
     </span>
     <span class='ocr_line' id='line_1_35' title="bbox 182 3963 1393 4058; baseline -0.005 -22"><span class='ocrx_word' id='word_1_270' title='bbox 182 3971 351 4058; x_wconf 90' lang='lat' dir='ltr'>praebeat,</span> <span class='ocrx_word' id='word_1_271' title='bbox 374 3980 520 4034; x_wconf 83' lang='lat' dir='ltr'>attamen</span> <span class='ocrx_word' id='word_1_272' title='bbox 537 3967 668 4053; x_wconf 85' lang='lat' dir='ltr'>operari</span> <span class='ocrx_word' id='word_1_273' title='bbox 685 3987 752 4030; x_wconf 90' lang='lat' dir='ltr'>nou</span> <span class='ocrx_word' id='word_1_274' title='bbox 768 3965 835 4040; x_wconf 85' lang='lat' dir='ltr'>det,</span> <span class='ocrx_word' id='word_1_275' title='bbox 858 3966 1002 4052; x_wconf 90' lang='lat' dir='ltr'>ideoque</span> <span class='ocrx_word' id='word_1_276' title='bbox 1018 3963 1135 4030; x_wconf 84' lang='lat' dir='ltr'>efficax</span> <span class='ocrx_word' id='word_1_277' title='bbox 1151 3963 1302 4040; x_wconf 86' lang='lat' dir='ltr'>confiat,</span> <span class='ocrx_word' id='word_1_278' title='bbox 1326 3966 1393 4030; x_wconf 89' lang='lat' dir='ltr'>uisi</span> 
     </span>
     <span class='ocr_line' id='line_1_36' title="bbox 181 4067 1392 4162; baseline -0.006 -22"><span class='ocrx_word' id='word_1_279' title='bbox 181 4075 324 4162; x_wconf 80' lang='lat' dir='ltr'>subjecti</span> <span class='ocrx_word' id='word_1_280' title='bbox 346 4071 627 4160; x_wconf 88' lang='lat' dir='ltr'>dispositionibus</span> <span class='ocrx_word' id='word_1_281' title='bbox 643 4091 681 4134; x_wconf 90' lang='lat' dir='ltr'>ao</span> <span class='ocrx_word' id='word_1_282' title='bbox 702 4069 959 4134; x_wconf 86' lang='lat' dir='ltr'>circumstantiis</span> <span class='ocrx_word' id='word_1_283' title='bbox 976 4067 1226 4132; x_wconf 87' lang='lat' dir='ltr'>accommodata</span> <span class='ocrx_word' id='word_1_284' title='bbox 1241 4067 1342 4132; x_wconf 80' lang='lat' dir='ltr'>fuerit</span> <span class='ocrx_word' id='word_1_285' title='bbox 1358 4079 1392 4133; x_wconf 89' lang='lat' dir='ltr'>et</span> 
     </span>
     <span class='ocr_line' id='line_1_37' title="bbox 181 4172 1389 4264; baseline -0.008 -21"><span class='ocrx_word' id='word_1_286' title='bbox 181 4197 347 4264; x_wconf 76' lang='lat' dir='ltr'>congrua3</span> <span class='ocrx_word' id='word_1_287' title='bbox 375 4197 477 4263; x_wconf 88' lang='lat' dir='ltr'>quare</span> <span class='ocrx_word' id='word_1_288' title='bbox 503 4175 537 4240; x_wconf 89' lang='lat' dir='ltr'>in</span> <span class='ocrx_word' id='word_1_289' title='bbox 564 4173 605 4238; x_wconf 90' lang='lat' dir='ltr'>iis</span> <span class='ocrx_word' id='word_1_290' title='bbox 630 4174 888 4238; x_wconf 89' lang='lat' dir='ltr'>circumstantiis</span> <span class='ocrx_word' id='word_1_291' title='bbox 911 4173 1077 4242; x_wconf 81' lang='lat' dir='ltr'>tribuitur,</span> <span class='ocrx_word' id='word_1_292' title='bbox 1102 4172 1134 4234; x_wconf 89' lang='lat' dir='ltr'>in</span> <span class='ocrx_word' id='word_1_293' title='bbox 1159 4172 1282 4256; x_wconf 89' lang='lat' dir='ltr'>quibus</span> <span class='ocrx_word' id='word_1_294' title='bbox 1306 4172 1389 4236; x_wconf 86' lang='lat' dir='ltr'>deus</span> 
     </span>
     <span class='ocr_line' id='line_1_38' title="bbox 180 4275 1390 4367; baseline -0.008 -20"><span class='ocrx_word' id='word_1_295' title='bbox 180 4303 250 4348; x_wconf 86' lang='lat' dir='ltr'>eam</span> <span class='ocrx_word' id='word_1_296' title='bbox 268 4303 327 4367; x_wconf 93' lang='lat' dir='ltr'>per</span> <span class='ocrx_word' id='word_1_297' title='bbox 349 4279 519 4344; x_wconf 86' lang='lat' dir='ltr'>scientiam</span> <span class='ocrx_word' id='word_1_298' title='bbox 537 4277 675 4342; x_wconf 84' lang='lat' dir='ltr'>mediam</span> <span class='ocrx_word' id='word_1_299' title='bbox 692 4277 866 4363; x_wconf 90' lang='lat' dir='ltr'>praevidet</span> <span class='ocrx_word' id='word_1_300' title='bbox 881 4277 922 4340; x_wconf 92' lang='lat' dir='ltr'>ab</span> <span class='ocrx_word' id='word_1_301' title='bbox 938 4276 1072 4340; x_wconf 88' lang='lat' dir='ltr'>homine</span> <span class='ocrx_word' id='word_1_302' title='bbox 1089 4276 1174 4338; x_wconf 86' lang='lat' dir='ltr'>bene</span> <span class='ocrx_word' id='word_1_303' title='bbox 1189 4275 1390 4360; x_wconf 87' lang='lat' dir='ltr'>applicatam</span> 
     </span>
     <span class='ocr_line' id='line_1_39' title="bbox 180 4378 1388 4470; baseline -0.007 -19"><span class='ocrx_word' id='word_1_304' title='bbox 180 4385 332 4452; x_wconf 78' lang='lat' dir='ltr'>affectum</span> <span class='ocrx_word' id='word_1_305' title='bbox 356 4390 636 4470; x_wconf 88' lang='lat' dir='ltr'>consequnturam</span> <span class='ocrx_word' id='word_1_306' title='bbox 661 4389 694 4444; x_wconf 88' lang='lat' dir='ltr'>et</span> <span class='ocrx_word' id='word_1_307' title='bbox 716 4379 883 4444; x_wconf 89' lang='lat' dir='ltr'>efficacem</span> <span class='ocrx_word' id='word_1_308' title='bbox 906 4402 989 4446; x_wconf 81' lang='lat' dir='ltr'>esse.</span> <span class='ocrx_word' id='word_1_309' title='bbox 1034 4378 1126 4442; x_wconf 88' lang='lat' dir='ltr'>Deus</span> <span class='ocrx_word' id='word_1_310' title='bbox 1147 4378 1388 4464; x_wconf 50' lang='lat' dir='ltr'>gratiam&#39;cou·</span> 
     </span>
     <span class='ocr_line' id='line_1_40' title="bbox 179 4481 1389 4568; baseline -0.007 -14"><span class='ocrx_word' id='word_1_311' title='bbox 179 4487 246 4554; x_wconf 86' lang='lat' dir='ltr'>fert</span> <span class='ocrx_word' id='word_1_312' title='bbox 261 4485 301 4552; x_wconf 81' lang='lat' dir='ltr'>eo</span> <span class='ocrx_word' id='word_1_313' title='bbox 319 4488 439 4562; x_wconf 84' lang='lat' dir='ltr'>anime,</span> <span class='ocrx_word' id='word_1_314' title='bbox 459 4494 584 4550; x_wconf 87' lang='lat' dir='ltr'>utrum</span> <span class='ocrx_word' id='word_1_315' title='bbox 603 4505 641 4549; x_wconf 88' lang='lat' dir='ltr'>ea</span> <span class='ocrx_word' id='word_1_316' title='bbox 656 4483 757 4548; x_wconf 90' lang='lat' dir='ltr'>homo</span> <span class='ocrx_word' id='word_1_317' title='bbox 775 4493 947 4568; x_wconf 71' lang='lat' dir='ltr'>operetur,</span> <span class='ocrx_word' id='word_1_318' title='bbox 971 4481 1077 4568; x_wconf 84' lang='lat' dir='ltr'>gratia</span> <span class='ocrx_word' id='word_1_319' title='bbox 1092 4481 1167 4566; x_wconf 88' lang='lat' dir='ltr'>ipsa</span> <span class='ocrx_word' id='word_1_320' title='bbox 1182 4481 1338 4568; x_wconf 87' lang='lat' dir='ltr'>aequales</span> <span class='ocrx_word' id='word_1_321' title='bbox 1355 4489 1389 4546; x_wconf 83' lang='lat' dir='ltr'>et</span> 
     </span>
     <span class='ocr_line' id='line_1_41' title="bbox 178 4583 1387 4680; baseline -0.003 -22"><span class='ocrx_word' id='word_1_322' title='bbox 178 4608 278 4680; x_wconf 80' lang='lat' dir='ltr'>pares</span> <span class='ocrx_word' id='word_1_323' title='bbox 308 4587 493 4666; x_wconf 85' lang='lat' dir='ltr'>vincendae</span> <span class='ocrx_word' id='word_1_324' title='bbox 516 4586 815 4676; x_wconf 77' lang='lat' dir='ltr'>,concupiscentiae</span> <span class='ocrx_word' id='word_1_325' title='bbox 845 4587 932 4651; x_wconf 87' lang='lat' dir='ltr'>vires</span> <span class='ocrx_word' id='word_1_326' title='bbox 963 4583 1116 4672; x_wconf 82' lang='lat' dir='ltr'>praebet3</span> <span class='ocrx_word' id='word_1_327' title='bbox 1149 4584 1183 4650; x_wconf 90' lang='lat' dir='ltr'>in</span> <span class='ocrx_word' id='word_1_328' title='bbox 1214 4583 1387 4654; x_wconf 83' lang='lat' dir='ltr'>voluntate</span> 
     </span>
    </p>
   </div>
   <div class='ocr_carea' id='block_1_9' title="bbox 0 0 1530 5046">
    <p class='ocr_par' dir='ltr' id='par_1_10' title="bbox 0 0 1530 5046">
     <span class='ocr_line' id='line_1_42' title="bbox 0 0 1530 5046; baseline 0 0"><span class='ocrx_word' id='word_1_329' title='bbox 0 0 1530 5046; x_wconf 95' lang='lat' dir='ltr'> </span> 
     </span>
    </p>
   </div>
  </div>
 </body>
</html>
