3050 5046
254 526 336 592 Cum
352 524 520 592 thomistis
543 527 759 602 consentiunt
775 549 815 594 eo
832 529 925 616 quod
941 529 1029 596 sicut
1043 531 1091 596 illi
1106 531 1140 597 in
1157 539 1246 598 statu
1263 541 1408 599 naturae

189 629 304 716 lapsae
327 628 500 717 physicam
524 629 914 715 praedeterminationem
939 634 1149 700 statuendam
1175 645 1302 721 putent,
1327 659 1405 702 cum

189 733 393 821 congruistis
417 753 457 797 eo
481 733 573 820 quod
603 733 702 811 hanc,
731 735 819 801 sicut
840 735 899 812 illi,
921 729 958 800 in¹
979 743 1069 802 statu
1091 748 1230 802 naturae
1252 739 1404 826 integrae

188 858 257 902 non
280 835 526 901 admittendam
542 837 752 904 arbitrentur.
798 838 995 904 Themistae
1018 840 1113 905 etiam
1137 841 1173 904 in
1193 848 1284 906 statu
1304 843 1403 906 inno-

189 939 317 1005 centiae
333 939 471 1026 gratiam
489 961 530 1005 ex
546 950 665 1006 natura
681 963 742 1007 sua
757 941 935 1019 efficacem,
957 943 1237 1031 Augustinienses
1253 946 1403 1033 gratiam,

189 1065 288 1130 quam
320 1051 454 1118 vocant,
485 1043 675 1111 versatilem
702 1045 808 1110 fuisse
833 1045 1008 1113 affirmant.
1059 1047 1187 1135 Itaque,
1218 1058 1251 1112 et
1277 1049 1403 1135 quibus

189 1146 368 1212 thomistae
384 1155 417 1212 ct
433 1147 648 1234 congruistae
671 1163 704 1214 et
724 1147 937 1215 Jansenistae
960 1150 1013 1216 usi
1028 1160 1107 1217 sunt
1123 1153 1338 1238 argumentis,
1362 1174 1402 1216 ea

189 1249 287 1314 etiam
304 1249 346 1314 ad
361 1251 641 1336 propugnandam
658 1273 750 1317 snam
768 1254 967 1320 sententiam
983 1254 1217 1342 Augustiniani
1234 1255 1298 1319 sibi
1315 1277 1401 1320 sem·

187 1374 249 1439 per
265 1361 489 1438 sumpserunt.

253 1443 442 1520 Discrimen
473 1455 561 1521 inter
587 1456 765 1524 thomistas
792 1466 825 1524 et
849 1458 1173 1546 Augustinianenses
1204 1458 1270 1526 hoc
1300 1460 1402 1526 inter-

188 1557 285 1634 cedit,
316 1557 408 1644 quod
434 1557 613 1625 thomistae
640 1561 737 1626 etiam
767 1562 800 1626 in
832 1571 923 1627 statu
953 1562 1165 1627 innocentiae
1195 1563 1335 1650 gratiam
1361 1586 1404 1628 ex

187 1669 308 1726 natura
324 1682 384 1726 sua
407 1660 585 1749 efficacem,
607 1664 839 1752 Augustiuiani
860 1664 1009 1751 gratiam,
1034 1686 1132 1752 quam
1148 1675 1272 1731 vocant
1288 1687 1403 1731 versa-

187 1763 288 1848 tilem,
304 1762 410 1830 fuisse
426 1774 589 1829 asserant.

250 1865 447 1934 Ludovicus
483 1867 612 1933 Moliua
648 1889 757 1955 neque
795 1869 972 1957 physicam
1009 1869 1403 1957 praedeterminationem

188 1969 298 2057 neque
320 1970 396 2036 ideo
420 1971 559 2058 gratiam
581 1993 600 2036 a
622 1993 667 2048 se,
691 1971 734 2036 ab
755 1973 938 2039 intrinseco
955 1972 1132 2048 efficacem,
1156 1995 1265 2060 neque
1281 1974 1403 2039 exinde

187 2063 366 2166 discrimen
382 2075 509 2162 gratiae
524 2074 703 2140 essentiale
720 2076 789 2141 sive
806 2076 983 2142 discrimen
1001 2077 1148 2142 entitatis
1164 2077 1249 2141 inter
1261 2078 1402 2163 gratiam

188 2175 408 2269 sufficientem
430 2184 463 2242 et
483 2177 650 2243 efficacem
672 2187 824 2245 statuens
841 2180 966 2258 docuit,
988 2203 1089 2246 unam
1105 2179 1311 2267 eandemque
1327 2201 1403 2244 esse

189 2281 314 2370 gratiae
330 2281 527 2346 sufficientis
545 2291 578 2346 et
598 2280 744 2347 efficacis
762 2294 929 2372 naturam3
952 2286 1080 2372 gratiae
1097 2283 1215 2348 exinde
1232 2281 1403 2348 sufficien-

189 2375 404 2450 tis'anxilium
426 2385 460 2449 in
482 2384 600 2449 efficax
617 2393 649 2450 et
664 2385 820 2451 inefficax
837 2386 1006 2474 distingui,
1030 2387 1077 2450 ita
1092 2395 1211 2460 tamen,
1227 2395 1266 2451 ut
1281 2387 1403 2452 efficax

187 2487 373 2554 libertatem
391 2488 518 2552 arbitrii
532 2510 601 2552 non
618 2487 774 2587 aufferat3
795 2488 905 2555 sedin
921 2490 1106 2556 voluntatis
1122 2497 1292 2576 potestate
1307 2491 1402 2576 posi·

188 2600 257 2656 tum
281 2591 333 2668 sit,
362 2591 446 2655 nihil
467 2590 526 2656 tali
548 2591 673 2656 auxilio
696 2593 907 2678 impediente,
933 2593 1000 2658 hoc
1024 2615 1156 2658 cassum
1178 2593 1403 2682 inefficaxque

137 2726 139 2732 ·
189 2689 329 2760 reddere
352 2703 387 2759 et
406 2695 463 2772 ita,
490 2704 528 2760 ut
550 2695 719 2761 sufficiens
744 2695 901 2762 inefficax
924 2697 1084 2762 auxilium
1107 2719 1184 2762 vere
1206 2697 1240 2762 in
1265 2719 1302 2766 se
1324 2697 1401 2782 ipso

190 2797 361 2864 sufficiens
385 2797 438 2874 sit,
462 2819 522 2884 per
544 2799 716 2864 arbitrium
738 2800 848 2886 ipsum
871 2809 947 2876 stet,
971 2800 1063 2888 quod
1087 2799 1146 2864 illo
1168 2821 1236 2864 non
1259 2821 1400 2865 couver-

189 2908 280 2967 tatur
301 2909 404 2988 atque
425 2901 509 2966 adeo
533 2903 626 2988 quod
649 2901 767 2968 efficax
787 2925 856 2968 non
873 2904 925 2968 sit.
971 2903 1023 2968 Ex
1039 2902 1105 2968 hoc
1120 2901 1199 2977 fieri,
1223 2913 1261 2968 ut
1276 2903 1400 2968 divisio

191 3005 390 3072 sufficientis
411 3003 526 3069 auxilii
540 3005 574 3068 iu
597 3004 715 3070 efficax
732 3014 765 3070 et
779 3005 936 3070 inefficax
957 3005 998 3069 ab
1016 3003 1147 3080 effectu,
1169 3005 1227 3092 qui
1244 3005 1342 3070 simul
1358 3007 1399 3081 ab

189 3109 319 3174 arbitrii
343 3108 497 3174 libertate
512 3107 671 3194 pendeat,
689 3117 849 3185 sumatur,
872 3107 1023 3194 illudque
1040 3107 1199 3172 auxilium
1218 3107 1400 3184 sufficiens,

191 3213 261 3278 sive
278 3211 385 3298 majus
402 3211 472 3276 sive
488 3211 596 3275 miuus
611 3211 645 3275 in
659 3231 696 3275 se
709 3211 765 3288 sit,
782 3210 900 3276 efficax
912 3209 1052 3288 dicatur,
1068 3232 1212 3297 quorum
1228 3211 1402 3277 arbitrium

190 3337 251 3403 pro
276 3337 337 3380 sua
357 3314 511 3380 libertate
532 3322 757 3390 convertatur,
780 3312 865 3379 illud
887 3335 966 3378 vero
989 3313 1143 3378 inefficax
1160 3313 1301 3392 dicatur,
1326 3337 1400 3380 cum

190 3441 258 3507 quo
280 3418 450 3484 arbitrium
473 3439 536 3503 pro
559 3417 672 3483 eadem
689 3438 751 3481 sua
773 3414 928 3481 libertate
950 3437 1020 3481 nou
1044 3426 1270 3492 convertatur,
1296 3440 1398 3504 quum

190 3533 299 3590 tamen
321 3523 471 3608 potuerit
491 3523 651 3587 converti.
697 3519 906 3588 Consensum
928 3520 1107 3586 humanum
1131 3522 1270 3607 gratiam
1286 3521 1400 3586 effica-

190 3647 263 3693 cem
277 3625 426 3703 reddere‚
443 3647 483 3690 eo
500 3647 612 3703 sensu,
635 3646 702 3690 nou
720 3617 811 3711 quod
827 3623 965 3690 liberum
982 3625 1152 3690 arbitrium
1170 3625 1233 3688 vim
1251 3623 1399 3713 aliquam

191 3740 249 3796 aut
270 3729 449 3795 efficaciam
471 3730 598 3816 gratiae
617 3729 682 3816 ipsi
704 3729 839 3804 tribuat,
862 3727 922 3793 sed
945 3728 1038 3815 quod
1060 3728 1166 3816 gratia
1188 3727 1252 3792 vim
1270 3735 1304 3792 et
1321 3748 1398 3814 pro·

189 3834 382 3922 pensionem
406 3833 542 3898 arbitrio
564 3833 689 3898 tribuat
708 3830 751 3896 ad
773 3852 974 3896 consensum
996 3831 1192 3898 eliciendum
1210 3831 1396 3898 arbitrium·

190 3960 256 4026 que
277 3937 385 4024 ipsum
409 3937 451 4002 ad
473 3937 508 4002 id
530 3934 714 4011 invitando,
741 3933 918 4000 alliciendo
941 3944 1043 4022 atque
1066 3933 1269 4020 adjuvando.
1313 3934 1398 4000 Itaa

187 4040 294 4107 libero
318 4040 503 4106 voluntatis
527 4059 695 4104 consensu
718 4035 865 4104 efficacia
888 4039 1028 4125 pendet:
1058 4039 1158 4103 nobis
1184 4040 1396 4104 consentien-

188 4146 279 4211 tibus
306 4143 423 4208 efficax
439 4143 484 4219 fit,
511 4141 787 4208 dissentientibus
809 4141 974 4218 inefficax,
999 4143 1177 4228 quumvis,
1201 4141 1350 4207 efficacia
1365 4149 1397 4206 et

189 4249 295 4314 virtus
326 4248 433 4312 omnis
460 4269 479 4311 a
506 4245 569 4312 deo
593 4247 668 4334 ipso
695 4243 856 4332 profluat:
888 4245 1021 4310 namin
1047 4256 1123 4311 actu
1147 4245 1222 4310 solo
1247 4245 1395 4311 secundo

189 4351 284 4440 juxta
310 4351 470 4418 Molinam
500 4353 607 4437 gratia
630 4372 689 4438 per
711 4347 838 4414 arbitrii
869 4369 1070 4414 consensum
1094 4348 1216 4414 efficax
1238 4349 1396 4424 redditur,

188 4479 229 4521 ex
260 4477 437 4531 consensu,
468 4476 528 4520 seu
558 4454 796 4541 cooperatione
827 4449 1012 4516 voluntatis
1043 4451 1162 4517 efficax
1187 4451 1233 4528 fit,
1263 4474 1333 4538 non
1360 4449 1396 4514 in

189 4569 266 4628 actu
290 4559 406 4645 primo.
451 4557 529 4625 Non
551 4579 693 4646 prorsus
715 4555 863 4624 efficacia
884 4554 919 4620 in
940 4575 1082 4621 assensu
1103 4561 1136 4620 et
1157 4555 1395 4640 cooperatione
