3084 5056
131 542 236 630 digno
264 543 298 606 in
328 542 558 628 „Augustino“
586 541 734 606 lansenii
762 543 848 608 libro
878 563 946 606 non
975 541 1159 627 reperiri¹).
1213 541 1349 628 Exinde

131 645 294 710 immerito
316 643 511 709 lanseuiani
548 667 582 709 se
616 644 792 710 damnatos
822 667 896 710 esse
924 657 1086 730 perpetuo
1116 667 1155 710 ac
1185 656 1342 710 constan·

132 749 260 814 tissime
277 749 454 834 conquesti
478 749 605 812 artibus
629 759 662 814 et
684 748 824 813 fallaciis
847 747 1026 834 cujuslibet
1049 747 1179 834 generis
1202 747 1343 812 catholi-

132 874 193 916 cos
228 874 263 916 se
298 851 495 916 simularunt
528 861 561 915 et
595 853 827 938 gesseruut¹),
858 873 973 914 omnes
1004 851 1191 916 haereticos
1217 852 1344 926 imitati,

131 956 286 1042 quamvis
315 954 357 1018 ab
385 953 440 1018 his
470 953 598 1018 alienos
622 977 658 1018 se
682 977 755 1019 esse
779 953 1020 1018 contenderent
1043 963 1202 1040 tauquam
1226 954 1344 1020 adver·

49 1074 50 1077 ’
132 1059 216 1122 satis
245 1079 376 1143 semper
409 1056 569 1122 ecclesiae
605 1057 843 1144 proscriptioni
872 1066 905 1122 et
932 1055 1112 1121 haereseos
1141 1057 1252 1142 capita
1283 1056 1345 1121 etsi

132 1161 289 1226 damnata
304 1149 408 1236 tuitis,
432 1183 534 1248 quum
550 1162 624 1246 ipsi,
649 1183 733 1247 quas
749 1182 838 1246 papa
854 1161 1118 1246 proscripsisset,
1142 1160 1344 1244 propositio·

133 1287 195 1329 nes
218 1264 402 1357 rejicerent.
447 1262 525 1328 Nou
546 1285 625 1328 vero
655 1265 842 1350 rejecerunt
862 1263 1017 1349 profecto
1041 1271 1073 1326 et
1097 1263 1238 1338 sincere3
1271 1283 1347 1326 nam

132 1389 225 1454 papa
252 1367 401 1452 quinque
429 1367 681 1454 propositiones
711 1369 744 1431 in
768 1389 870 1432 sensu
892 1366 1041 1431 Jansenii
1066 1366 1348 1432 condemnaverat

134 1492 261 1558 easque
284 1480 384 1554 prout
410 1469 501 1535 huuc
524 1491 657 1534 sensum
683 1470 864 1536 referentes
887 1479 920 1534 et
939 1469 1149 1534 continentes
1175 1469 1347 1554 proscrip-

133 1581 235 1648 serat,
259 1571 488 1637 declaraverat
503 1572 609 1650 etiam,
634 1595 690 1637 eas
706 1574 741 1638 in
757 1573 823 1638 hoc
837 1573 986 1638 Jansenii
1002 1595 1103 1636 seusu
1121 1581 1222 1658 atque
1237 1579 1347 1637 mente

134 1697 211 1740 esse
243 1674 446 1751 haereticam
475 1674 687 1741 Janseuistae
721 1689 829 1741 antem
865 1677 897 1740 in
927 1675 993 1740 hoc
1022 1697 1123 1740 sensu
1153 1697 1209 1738 eas
1238 1697 1347 1761 usque

136 1779 371 1843 sustinuerunt
400 1787 669 1864 propugnantes,
702 1801 758 1844 eas
787 1781 821 1844 in
851 1779 917 1844 hoc
940 1801 1042 1844 sensu
1065 1779 1250 1842 haereticas
1274 1799 1348 1843 esse

136 1904 268 1966 semper
290 1892 505 1968 negaverunt.
552 1882 613 1946 Est
635 1883 787 1968 profecto
811 1882 878 1948 hoc
894 1881 1142 1946 fundamentale
1158 1889 1347 1966 protestan-

137 1987 218 2050 tium
231 1996 387 2072 systema,
403 2006 471 2070 quo
487 1985 683 2050 danseniani
699 1985 933 2062 innitebantur,
958 2008 999 2050 ex
1015 2007 1082 2072 quo
1100 2007 1215 2053 omnes
1231 1985 1347 2049 haere·

140 2111 193 2152 res
212 2089 368 2176 originem
387 2087 533 2164 trahunt,
558 2089 756 2174 principium
781 2088 822 2154 de
845 2090 1000 2174 spiritu
1023 2090 1205 2174 privato,
1228 2089 1263 2153 id
1286 2099 1347 2165 est,

142 2192 339 2278 principium
368 2191 507 2256 rationis
538 2193 693 2278 propriae
715 2215 753 2257 ac
776 2191 993 2258 individualis
1017 2194 1178 2258 adversus
1202 2193 1347 2257 auctori-

144 2304 243 2360 tatem
271 2296 416 2383 legitime
445 2317 464 2360 a
487 2295 622 2371 Christo
649 2297 849 2374 institutam,
878 2296 1051 2360 ecclesiam
1079 2297 1207 2361 scilicet
1230 2295 1348 2361 catho-

138 2399 236 2464 licam
252 2398 295 2464 ad
308 2400 480 2464 veritatem
496 2399 537 2464 de
554 2399 650 2464 coelo
666 2399 843 2466 revelatam
861 2400 1057 2475 docendam,
1073 2399 1347 2476 conservandam,

144 2502 395 2588 propagandam
411 2523 519 2589 usque
536 2502 578 2566 ad
594 2503 728 2568 saecula
743 2505 903 2568 divinitus
919 2511 1121 2568 exstructam
1138 2503 1319 2568 renitentis.

165 2655 167 2660 .
204 2604 296 2669 Nihil
318 2613 462 2670 ceterum
485 2606 636 2670 excusati
659 2615 738 2672 sunt
759 2629 798 2670 eo
822 2607 913 2692 quod
935 2608 1092 2680 dicerent,
1118 2627 1153 2669 se
1169 2627 1237 2669 non
1253 2607 1346 2680 scire,

137 2731 227 2796 quae
242 2709 391 2774 Jansenii
412 2705 564 2773 doctrina
586 2717 620 2773 et
640 2729 733 2774 mens
753 2709 884 2785 fuisset,
907 2709 941 2773 id
963 2710 1053 2796 quod
1071 2709 1105 2772 in
1122 2709 1239 2772 ceteris
1255 2708 1348 2773 femi-

138 2835 200 2877 nae
229 2811 390 2892 moniales
414 2811 556 2876 libenter
579 2810 839 2894 confitebantur;
874 2833 948 2876 nam
972 2835 1081 2898 neque
1105 2813 1146 2876 de
1168 2812 1292 2899 ignaris
1316 2822 1349 2876 et

137 2915 300 3000 imperitis
330 2919 454 3001 agitur,
493 2936 602 3001 neque
632 2913 715 2978 solis
744 2913 941 2980 doctoribus
971 2935 1009 2979 ac
1037 2916 1116 2978 viris
1139 2915 1347 3000 sapientibus

137 3019 253 3086 studio
276 3027 308 3082 et
328 3017 436 3082 labori
456 3017 724 3083 incumbentibus
740 3019 853 3083 datum
870 3032 950 3094 erat,
974 3019 1146 3085 doctrinae
1162 3019 1347 3083 haereticae

138 3134 279 3188 mentem
318 3139 479 3199 reserare,
524 3121 583 3186 sed
621 3121 719 3186 etiam
750 3123 920 3205 omnibus,
965 3123 1021 3208 qui
1048 3122 1157 3210 legere
1187 3123 1348 3195 sciebant,

142 3227 333 3314 quibusque
361 3224 404 3289 ob
434 3224 552 3289 oculos
577 3226 641 3288 ista
664 3225 776 3310 posita
798 3234 877 3291 erat.
923 3223 988 3305 Qui
1010 3247 1090 3290 vero
1113 3225 1211 3310 plane
1225 3225 1348 3290 stultos

143 3353 178 3393 se
208 3338 377 3414 putarent,
413 3329 618 3394 conscientia
648 3350 708 3393 sua
739 3329 892 3395 obstricti
920 3337 1028 3403 erant,
1063 3329 1165 3416 magis
1190 3328 1351 3394 ecclesiae

144 3431 363 3498 infallibiliter
389 3432 544 3518 dogmata
572 3430 756 3510 exhibenti,
791 3455 891 3520 quarn
916 3432 1107 3498 hominibus
1138 3433 1240 3496 errori
1270 3432 1349 3496 sub-

137 3536 237 3622 jectis
255 3535 405 3610 credere,
428 3535 601 3623 magisque
617 3537 781 3602 communi
799 3559 918 3626 papae,
943 3538 1193 3622 episcoporum,
1217 3535 1350 3600 theolo-

141 3661 258 3728 gorum
275 3638 519 3704 catholicorum
535 3641 724 3714 consensui,
741 3663 838 3726 quam
855 3640 1042 3726 aliquorum
1055 3639 1162 3706 effatis
1175 3639 1350 3703 doctorum

141 3743 175 3807 in
204 3741 441 3827 Portu-Regio
472 3743 672 3807 versantium
703 3765 740 3808 se
768 3743 878 3808 fidere.
924 3744 1057 3830 Neque,
1096 3764 1164 3830 quo
1194 3743 1352 3808 haeretici

144 3845 410 3933 appellarentur,
435 3867 521 3930 opus
544 3854 629 3922 erat,
652 3855 689 3912 ut
706 3848 814 3912 omnia
834 3848 1029 3932 disciplinae
1052 3857 1180 3912 secreta
1201 3868 1240 3910 ac
1262 3848 1351 3932 prin·

144 3950 232 4035 cipia
260 3970 401 4035 prorsus
425 3948 666 4033 perspicientes
691 3961 949 4038 cognoscerent3
987 3951 1175 4016 haereticus
1198 3958 1264 4026 est,
1294 3951 1351 4036 qui

144 4054 279 4118 omnino
297 4061 330 4118 et
347 4051 545 4138 generaliter
565 4051 724 4118 haeresim
742 4077 984 4140 quamcumque
1001 4055 1042 4118 ab
1060 4053 1201 4119 ecclesia
1217 4053 1351 4120 demna-

144 4168 211 4222 tam
247 4164 280 4222 et
311 4155 465 4242 rejectam
500 4177 568 4220 uon
603 4157 789 4258 repudies
818 4159 914 4223 Certe
943 4159 1039 4224 etiarn
1070 4157 1146 4224 fidei
1174 4179 1241 4224 non
1272 4167 1351 4234 erat,

217 4414 239 4476 ¹)
258 4409 399 4482 Responsa
417 4413 442 4465 A
461 4411 500 4466 La
512 4413 615 4467 Plainte
634 4432 685 4485 quc
702 4415 760 4468 font
777 4415 816 4468 les
828 4415 997 4471 danseuistes
1015 4417 1048 4472 de
1061 4435 1091 4472 cc
1104 4415 1185 4486 qu'ou
1196 4413 1236 4466 les
1249 4413 1353 4485 appelle

145 4495 314 4569 Heretiques.
349 4499 404 4553 Par
420 4500 445 4553 le
462 4504 491 4554 P.
509 4500 637 4567 Francois
659 4504 746 4555 Auum
765 4503 796 4553 de
815 4503 839 4554 la
858 4501 1023 4574 Compagnie
1040 4503 1071 4556 de
1089 4502 1179 4556 lesus.
1199 4534 1229 4544 -
1247 4500 1352 4556 Lettres

145 4585 314 4656 provincialis
329 4589 368 4643 17.
383 4595 409 4641 et
423 4589 462 4644 18.
476 4587 515 4640 De
527 4587 646 4642 Maisur.

1152 4677 1168 4728 4
