3084 5056
735 343 776 408 55

654 431 854 442 -·----.--.

147 548 327 614 catholicis
350 569 460 635 neque
483 569 557 612 oum
578 545 778 632 evangelicis
798 545 872 609 iniri
888 544 1007 621 sinant,
1032 565 1201 634 quumque
1218 565 1288 612 eam
1307 545 1350 609 ob

147 675 216 718 rem
230 662 266 717 et
288 661 459 738 cogantur,
484 659 600 716 contra
622 660 769 726 naturae,
793 670 901 713 mores
919 656 951 712 et
966 648 1126 713 ecelesiae
1141 647 1243 734 leges,
1266 649 1354 712 intra

148 754 451 842 consanguinitatis
475 763 508 819 et
529 752 700 818 affinitatis
725 752 848 838 gradus
870 773 977 816 mares
1000 761 1033 816 et
1053 751 1193 816 feminas
1217 751 1358 837 conjun-

148 881 244 946 gere,
274 858 386 944 proles
409 879 482 922 rara
505 869 606 943 atque
634 855 762 920 infirma
785 863 975 942 generatur,
1005 877 1111 940 genus
1141 853 1359 940 depravatum

148 964 265 1038 oritur,
289 983 371 1049 gens
387 970 543 1025 enervata
560 969 775 1046 propagatur.
819 959 879 1034 Ita,
897 959 960 1022 etsi
981 958 1133 1043 pecuniis
1150 966 1182 1022 et
1198 957 1296 1022 donis
1315 957 1358 1022 ad

147 1074 274 1131 sectam
309 1064 459 1128 alendam
494 1063 606 1127 multis
642 1063 878 1148 continuisque
907 1061 1075 1146 impensis,
1110 1062 1233 1147 quibus
1263 1060 1357 1125 solus

146 1190 258 1255 usque
281 1167 356 1232 dum
382 1169 535 1243 nutritur,
566 1166 711 1230 societas
734 1165 947 1230 schismatica
970 1165 1135 1230 delebitur
1151 1165 1283 1251 justitia
1306 1164 1359 1230 dei

148 1292 317 1360 perversa.

213 1375 288 1440 Hoc
305 1373 374 1458 jam
396 1372 493 1436 satis!
538 1370 644 1436 Nemo
669 1390 735 1434 non
752 1369 961 1444 intellexerit,
977 1391 1093 1434 revera
1107 1369 1261 1436 haeresin
1275 1392 1355 1458 pro·

148 1481 293 1568 genitam
318 1486 418 1563 atque
441 1476 474 1539 in
498 1475 605 1538 lucem
630 1474 759 1550 editam,
783 1495 844 1537 nec
868 1473 976 1537 solum
992 1474 1190 1560 phantasma
1206 1496 1289 1549 esse,
1313 1474 1355 1538 ab

147 1581 359 1656 adversariis,
382 1589 420 1643 ut
448 1578 660 1652 Jausenistae
689 1577 900 1663 objiciebant,
924 1576 1045 1652 fictum,
1070 1577 1257 1663 quaesitum
1283 1577 1357 1641 ubi·

147 1675 224 1773 quis,
249 1684 308 1749 sed
330 1703 494 1768 nusquam
517 1689 695 1767 repertum,
719 1689 950 1766 praeterquam
965 1680 999 1743 in
1015 1680 1182 1744 laboranti
1198 1702 1357 1767 quorum-

148 1791 223 1856 dam
241 1786 428 1873 phantasia.
468 1784 543 1850 ‘Nec
566 1786 741 1871 quisquam
759 1783 882 1859 credet,
903 1783 995 1869 quod
1010 1782 1201 1848 Janseniani
1218 1793 1357 1848 conten·

148 1894 243 1968 dunt,
266 1890 428 1956 neminem
450 1909 552 1974 posse
575 1888 660 1974 cogi,
684 1888 775 1950 utin
797 1887 922 1971 scripto
946 1887 1096 1972 episcopi
1112 1887 1158 1972 pii
1175 1897 1208 1952 et
1225 1887 1355 1963 eruditi,

151 2011 185 2062 et
204 1995 237 2060 in
254 1993 413 2058 ecelesiae
436 1991 668 2055 communione
688 1991 810 2054 mortui
826 1989 1010 2054 doctrinam
1031 1990 1231 2057 haereticam
1247 1991 1358 2056 inesse

152 2098 281 2163 sentiat.
324 2093 482 2160 Profecto
507 2093 654 2158 haeresis
675 2093 954 2158 Jansenianorum
984 2101 1107 2158 exstat:
1137 2094 1290 2180 quamvis
1313 2095 1355 2159 ab

150 2200 234 2287 ipsis
257 2199 419 2282 denegata
442 2219 550 2284 eoque
574 2197 801 2283 perniciosior.
847 2197 983 2262 Ceterae
1006 2205 1117 2262 sectae
1133 2198 1175 2262 ab
1192 2197 1354 2262 ecclesiae

151 2303 382 2370 communione
404 2303 498 2388 ipsae
522 2323 557 2366 se
582 2301 805 2375 excluserunt,
829 2301 913 2366 nihil
936 2301 999 2366 sibi
1023 2324 1096 2366 cum
1120 2323 1158 2366 ea
1181 2322 1355 2367 commune

149 2429 224 2472 esse
247 2413 435 2471 asserentes
452 2413 485 2470 et
506 2405 734 2470 auctoritatem
751 2404 911 2469 ecclesiae
934 2413 1112 2492 negantes3
1134 2404 1356 2470 Jansenianae

148 2521 257 2576 autem
282 2509 348 2575 hoc
370 2508 539 2594 proprium
557 2507 629 2582 fuit,
653 2509 745 2594 quod
769 2509 841 2594 ejus
857 2508 1004 2573 asseclae
1020 2531 1150 2594 semper
1164 2509 1197 2574 in
1215 2509 1356 2574 ecclesia

148 2621 313 2690 versatos,
344 2611 542 2688 catholicos,
573 2610 840 2676 orthodoxorum
871 2613 1023 2676 societati
1049 2613 1189 2698 junctos
1219 2635 1256 2678 se
1282 2634 1357 2678 esse

147 2715 392 2790 contenderent
407 2723 508 2802 atque
524 2713 577 2779 vel
592 2714 804 2779 anathemate
818 2715 893 2799 ipso
910 2715 1090 2801 proscripti
1106 2725 1144 2780 ut
1162 2715 1357 2780 obedientes

148 2830 182 2888 et
196 2819 284 2884 fidos
300 2818 460 2884 ecclesiae
475 2818 562 2884 filios
579 2839 614 2882 se
630 2827 791 2904 gererent,
808 2818 1021 2903 pertinaciter
1035 2820 1180 2882 membra
1196 2819 1357 2884 eeclesiae

148 2946 225 2990 esse
249 2945 285 2988 se
308 2922 495 3008 protestati,
519 2919 670 3009 qu'amvis
694 2921 816 2986 diserte
839 2921 965 2986 avulsa.
1020 2920 1120 3001 Quod
1144 2921 1187 2988 ad
1210 2933 1356 3001 externa,

150 3025 352 3113 obsequium
374 3025 538 3090 mandatis
570 3037 602 3089 et
625 3024 872 3090 definitionibus
897 3024 1132 3090 ecclesiasticis
1155 3027 1354 3106 tribuerunt,

148 3129 366 3196 reverentiam
395 3129 530 3192 Summo
559 3127 727 3204 Pontifici,
756 3137 859 3213 prout
886 3139 1148 3194 consentaneum
1170 3129 1357 3209 videbatur,

149 3233 391 3320 praebuerunt,
419 3231 478 3295 sed
508 3253 568 3316 pro
598 3230 674 3295 foro
703 3231 834 3296 interno
863 3231 895 3294 in
919 3232 1086 3297 mentibus
1115 3233 1178 3298 sibi
1206 3255 1357 3300 reserva-

150 3344 279 3411 verunt,
302 3343 482 3420 praecepta
504 3345 538 3399 et
560 3334 693 3400 decreta
716 3357 778 3400 suo
802 3335 902 3399 modo
919 3344 952 3400 et
967 3358 1069 3400 sensu
1092 3336 1269 3424 explicare,
1292 3345 1356 3405 ter·

151 3439 431 3528 giversationibus
448 3448 481 3502 et
496 3437 765 3502 cavillationibus
783 3438 925 3504 eludere.

213 3541 495 3623 ‚,Jansenismus,“
511 3549 628 3606 auctor
644 3542 778 3627 quidam
793 3543 913 3629 inquit,
929 3541 1202 3622 „subtilissimum
1216 3551 1268 3610 est
1279 3545 1357 3610 sub-

150 3655 268 3723 temen,
297 3641 390 3731 quod
413 3665 559 3730 unquam
584 3645 738 3710 diabolus
762 3647 965 3731 excogitavit
987 3653 1202 3714 commentus.
1248 3648 1359 3730 Quum

148 3747 342 3816 Janseniani
356 3747 590 3833 intelligerent,
607 3756 832 3833 protestantes
849 3750 890 3812 ab
909 3749 1049 3814 ecclesia
1066 3772 1102 3814 se
1117 3753 1306 3838 separando
1323 3777 1359 3820 se

149 3853 244 3940 ipsos
268 3851 488 3931 damnavisse,
512 3852 756 3937 separationem
778 3853 861 3938 ipsis
878 3859 1040 3939 perpetuo
1057 3855 1184 3920 crimini
1200 3858 1299 3936 verti3
1322 3857 1358 3923 hi

149 3955 317 4044 principio
346 3953 447 4018 innisi
476 3963 564 4036 sunt,
595 3977 773 4043 numquam
797 3965 932 4020 externe
961 3957 1003 4020 ab
1027 3956 1169 4023 ecclesia
1190 3981 1226 4024 se
1249 3983 1358 4026 secer·

150 4059 251 4126 nendi
272 4079 469 4144 semperque
492 4059 711 4148 protestandi,
734 4068 910 4146 promptos
932 4082 968 4125 se
984 4082 1067 4140 esse,
1091 4061 1228 4128 cuilibet
1243 4063 1358 4130 defini·

150 4163 235 4229 tioni
266 4160 426 4226 ecclesiae
456 4182 492 4225 se
522 4162 698 4248 subjicere,
728 4172 837 4228 mente
865 4183 946 4228 vero
976 4165 1220 4256 restringendo,
1251 4188 1359 4233 novas

151 4287 282 4350 semper
297 4263 529 4356 cavillationes
551 4265 752 4350 reperiundi,
776 4267 899 4354 quibus
915 4267 1076 4334 ecclesiae
1088 4272 1280 4338 sanctiones
1296 4294 1358 4358 pro

151 4391 215 4435 suo
237 4389 328 4432 more
343 4375 444 4454 atque
459 4367 558 4431 libitu
572 4368 839 4454 interpretentur.
885 4370 961 4452 Qua
975 4374 1105 4439 ratione
1121 4376 1263 4461 speciem
1281 4400 1359 4464 prae

152 4495 189 4538 se
210 4471 333 4545 ferunt,
357 4469 519 4536 ecclesiae
535 4471 713 4538 obediendi
728 4482 761 4537 et
776 4483 885 4540 tamen
901 4499 1031 4563 semper
1045 4479 1207 4546 doctrinis
1222 4504 1358 4568 perver-

151 4577 200 4641 sis
216 4583 249 4640 et
265 4573 480 4659 opinionibus
495 4573 675 4642 adhaerere
692 4579 921 4647 continuant.“
966 4581 1132 4663 „Sanctus
1150 4587 1356 4674 Augustinus
