3050 5046
635 289 835 392 —qe-

129 494 189 562 illa
209 517 329 583 magna
351 517 421 560 non
443 496 539 560 adest
553 495 668 582 gratia,
691 494 770 560 licet
785 516 889 580 parva
904 505 936 559 et
950 493 1143 581 imperfecta
1157 520 1225 564 non
1241 493 1337 578 desit,

128 621 208 666 vere
231 609 408 685 utrumque
432 599 498 663 dici
514 619 631 684 posse:
655 606 688 664 et
704 599 854 684 potuisse
870 597 948 662 illos
964 599 1016 663 dei
1033 601 1188 666 mandata
1204 623 1337 666 servare

129 711 164 768 et
185 723 255 766 non
277 703 456 786 potuisse“
481 702 585 784 (artic.
604 702 655 784 1.).
700 698 877 782 „Secunda
901 703 1030 787 (gratia)
1045 713 1121 782 est,
1144 713 1336 791 quamtum

129 806 339 881 excitantem,
363 815 431 869 tum
453 803 656 868 inefficacem
679 813 747 868 tum
770 802 998 880 sufficientem,
1023 807 1108 871 idem
1124 807 1337 894 significanti·

127 908 200 986 hus
223 909 334 973 verbis
361 917 493 972 vocant.
548 906 636 971 Huic
666 927 746 972 vero
772 907 900 971 resistit
924 930 963 972 ac
989 909 1142 974 renititur
1167 911 1337 989 voluntas,

130 1032 269 1097 eamque
286 1033 326 1076 eo
343 1010 462 1076 effectu
476 1011 595 1096 privat,
611 1009 653 1074 ad
669 1032 767 1096 quem
783 1011 906 1074 excitat
921 1021 953 1076 et
968 1011 1011 1075 ad
1027 1034 1123 1099 quem
1136 1021 1337 1098 potestatem

127 1112 286 1199 largitur,
319 1114 473 1200 superius
504 1113 670 1198 explicato
700 1113 931 1178 themistarum
959 1136 1074 1192 sensu,
1110 1115 1336 1181 sufficientem.

130 1214 248 1280 Potest
263 1215 396 1301 quidem
411 1215 460 1280 illi
472 1215 629 1280 voluutas
645 1217 849 1293 consentire,
873 1239 933 1281 nec
949 1228 1068 1295 tamen,
1085 1220 1113 1284 si
1129 1220 1217 1283 absit
1231 1219 1338 1306 gratia

131 1317 260 1395 efficax,
283 1340 429 1404 unquam
453 1319 629 1396 consentit,
652 1339 721 1384 non
744 1319 878 1384 defectu
901 1322 1128 1386 antecedentis
1148 1323 1338 1406 potestatis,

131 1422 190 1486 sed
205 1421 310 1485 libera
326 1422 498 1508 suiipsius
514 1423 549 1486 in
564 1423 757 1508 oppositum
774 1423 1056 1490 determinatione.
1102 1425 1169 1490 Sed
1185 1425 1337 1512 quamvis

130 1525 189 1589 illa
210 1525 318 1612 gratia
339 1525 374 1588 iu
396 1547 432 1588 se
455 1534 608 1611 spectata
631 1524 751 1590 effectu
774 1525 841 1599 illc,
857 1536 956 1607 earet,
980 1526 1022 1591 ad
1040 1550 1136 1613 quem
1153 1528 1269 1610 tendit,
1292 1528 1335 1593 ad

131 1649 229 1714 quem
246 1627 452 1692 voluntatem
475 1629 609 1705 excitat,
632 1645 665 1693 et
688 1629 731 1692 ad
754 1651 850 1714 quem
868 1652 927 1715 per
942 1631 1190 1695 antecedentem
1207 1631 1259 1696 dei
1276 1651 1335 1695 vo·

129 1729 292 1795 luntatem
322 1730 521 1807 destinatur,
555 1731 708 1818 adeoque
737 1730 858 1796 falsum
888 1733 932 1796 sit
961 1732 1027 1796 hoc
1057 1755 1172 1806 sensu,
1206 1755 1335 1797 omnem

131 1829 260 1898 Christi
282 1835 420 1920 gratiam
443 1856 572 1919 semper
592 1833 717 1900 habere
739 1857 813 1900 eum
836 1834 1003 1910 effectum,
1027 1857 1125 1922 quem
1148 1836 1230 1900 deus
1246 1837 1335 1914 vult3

133 1937 160 2000 si
185 1945 296 2001 tamen
322 1945 492 2024 spectetur
517 1949 555 2002 ut
580 1960 654 2002 oum
679 1937 837 2004 absoluta
866 1937 920 2002 dei
944 1939 1117 2003 voluntate
1147 1939 1336 2025 conjuncta,

130 2039 248 2104 merito
273 2039 340 2104 hoc
366 2063 468 2105 sensu
494 2039 612 2106 efficax
633 2039 699 2106 dici
719 2049 848 2127 potest,
871 2041 951 2126 quia
972 2063 1102 2126 semper
1122 2042 1156 2106 id
1179 2043 1213 2106 in
1235 2042 1337 2110 corde

128 2141 277 2207 hominis
293 2150 459 2228 operatur,
482 2142 575 2230 quod
591 2143 673 2207 deus
689 2144 846 2208 absoluta
862 2143 1036 2209 voluntate
1051 2145 1226 2211 intendit‘s

194 2245 366 2312 Habemus
391 2246 439 2311 ita
465 2267 565 2333 quam
589 2269 678 2312 nunc
703 2245 812 2312 fusius
839 2248 1056 2312 tractabimus
1086 2248 1269 2314 doctrinam
1296 2247 1338 2314 de

129 2349 250 2436 majori
272 2349 493 2414 delectatione
516 2351 579 2416 sivi
602 2350 738 2416 coelesti
761 2351 908 2423 terrestri
932 2351 1138 2417 voluntatem
1160 2351 1338 2416 humanam

129 2452 401 2539 insuperabiliter
423 2452 465 2517 ad
489 2455 662 2541 agendum,
685 2454 728 2520 ad
749 2455 873 2518 honum
897 2463 955 2519 aut
975 2453 1095 2518 malum
1111 2454 1272 2531 trahente,
1296 2454 1337 2518 de

131 2557 167 2622 vi
189 2556 423 2622 delectationis
446 2557 584 2622 relative
607 2558 649 2622 ad
671 2557 926 2622 delectationem
942 2558 1132 2642 oppositam
1148 2567 1181 2622 et
1194 2558 1337 2622 relucta-

132 2669 197 2724 tam
224 2661 464 2744 permoventis,
494 2660 536 2725 de
563 2661 771 2746 impotentia,
802 2661 908 2746 gratia
934 2660 1061 2724 victrici
1088 2660 1242 2746 superius
1268 2682 1337 2725 non

132 2763 327 2850 abripiente,
351 2763 528 2828 efficaciter
552 2763 723 2850 operandi,
747 2761 788 2827 de
811 2763 916 2848 gratia
932 2761 1068 2838 efficaci,
1091 2783 1151 2827 seu
1172 2785 1292 2849 magna
1307 2778 1340 2830 et

130 2864 304 2943 inefficaci,
328 2888 388 2931 seu
411 2888 523 2951 parva,
547 2867 588 2932 de
610 2866 762 2952 potentia
785 2865 946 2950 operandi
968 2865 1124 2930 absoluta
1140 2874 1173 2931 et
1188 2866 1336 2942 relativa,

132 2970 351 3036 antecedente
373 2979 407 3034 et
428 2980 665 3057 consequente.
698 2970 859 3052 ,Possunt
868 2969 953 3055 justi
968 2969 1124 3036 mandata
1139 2968 1192 3034 dei
1209 2991 1339 3055 semper

133 3095 266 3138 servare
289 3096 330 3138 ex
351 3081 520 3159 potestate
536 3074 700 3150 absoluta,
723 3095 784 3158 per
798 3071 1004 3136 voluntatem
1020 3073 1073 3138 dei
1089 3071 1338 3138 antecedentem

134 3199 337 3256 concessae
350 3177 605 3242 circumstantiis
618 3199 656 3241 ac
669 3175 948 3262 dispositionibus
962 3175 1105 3262 subjecti
1116 3176 1339 3254 abstrahente,

134 3291 281 3367 possunt
303 3302 345 3345 ex
366 3280 490 3345 virtute
513 3281 638 3366 gratiae
659 3301 720 3366 per
743 3303 779 3344 se
795 3279 836 3343 ad
853 3279 966 3344 divina
981 3279 1151 3357 tendente;
1174 3301 1244 3343 non
1258 3301 1339 3344 vero

134 3396 280 3470 possunt
294 3407 335 3448 ex
351 3392 518 3468 potestate
537 3383 686 3458 relativa,
709 3383 851 3468 subjecti
873 3381 1113 3467 dispositiones
1128 3383 1338 3469 respiciente,

134 3509 196 3574 per
209 3488 415 3553 voluntatem
439 3487 492 3552 dei
508 3497 768 3572 consequentem
785 3497 818 3550 et
833 3486 894 3549 has
910 3485 1149 3569 dispositiones
1166 3485 1338 3551 attenden-

134 3602 201 3656 tem
224 3612 400 3665 concessa,
434 3595 481 3654 ita
502 3597 541 3654 ut
561 3591 686 3676 majore
708 3589 846 3654 libidine
868 3588 1097 3654 vehementius
1119 3591 1339 3676 repugnante,

134 3694 220 3759 bene
235 3694 288 3780 agi
303 3704 457 3779 nequeat,
481 3715 581 3779 quum
599 3695 704 3778 gratia
719 3694 834 3769 minor,
859 3692 1131 3778 concupiscentia
1151 3692 1271 3758 fortior
1287 3693 1339 3758 sit.

136 3796 292 3861 Potentia
318 3795 488 3872 absoluta,
518 3794 751 3872 antecedente,
775 3796 958 3869 abstracta,
988 3795 1145 3860 voluntas
1161 3795 1339 3882 justorum,

136 3899 263 3986 gratiae
286 3897 479 3978 sufficienti,
502 3920 601 3984 quam
624 3898 837 3975 excitantem,
860 3897 1080 3975 inefficacem,
1104 3920 1242 3984 parvum
1260 3898 1339 3964 Jan-

137 4003 265 4067 seniani
287 4013 426 4080 vocant,
456 4001 643 4065 consentire
666 4009 795 4086 potest,
823 4022 893 4065 non
915 4022 995 4065 vero
1018 4002 1172 4086 potentia
1192 4001 1340 4078 relativa,

138 4114 382 4192 consequente,
407 4115 596 4190 comparate
619 4104 661 4168 ad
684 4105 837 4191 majores,
861 4103 1053 4190 cupiditatis
1075 4103 1163 4169 vires
1187 4105 1339 4170 conside·

19 4215 21 4286 i
136 4217 218 4290 rata,
240 4210 354 4294 itaque
370 4209 484 4295 justus
505 4207 563 4272 tali
585 4228 688 4292 parva
709 4209 814 4293 gratia
830 4217 1021 4273 exstructus
1036 4217 1214 4293 praecepta
1229 4208 1341 4273 divina

137 4313 272 4399 implere
287 4334 356 4377 non
371 4320 495 4398 potest.
538 4311 660 4376 Iterum
675 4309 834 4376 voluutas
856 4311 979 4398 gratiae
995 4309 1172 4375 sufficienti
1188 4311 1341 4376 resistere

138 4424 261 4501 potest,
283 4413 319 4478 id
335 4427 395 4494 est,
418 4415 523 4501 gratia
538 4436 651 4499 parva,
674 4415 791 4494 minor,
814 4414 857 4478 ob
875 4415 1079 4499 superiorem
1101 4413 1340 4498 concupiscen—

139 4521 226 4604 tiam,
250 4539 290 4586 eo
312 4517 431 4586 effectu
446 4517 600 4585 frustrari
615 4526 738 4607 potest,
762 4516 805 4583 ad
827 4539 925 4606 quem
940 4539 981 4582 ex
996 4538 1032 4586 se
1048 4525 1149 4603 atque
1165 4537 1206 4580 ex
1221 4516 1339 4584 volun·

1138 4620 1153 4686 a
