3050 5046
696 339 896 440 —mo—

190 543 387 631 (auditores)
425 565 523 632 quam
547 544 629 610 haec
650 544 963 618 lanasenianorum,
1000 567 1059 610 seu
1083 545 1403 634 augustinianorum

188 645 303 742 potihs
340 649 428 713 circa
464 647 638 712 electionis
675 647 849 712 articulum
881 648 1058 732 perspicua
1089 649 1269 725 sententia,
1300 658 1402 736 atque

190 753 335 817 omnium
359 750 635 817 Orthodoxorum
660 772 839 826 consensu,
862 759 930 814 tum
948 762 981 815 et
997 752 1201 817 sanctiorum
1216 751 1401 818 litterarum

190 856 395 922 authoritate
417 855 645 940 comprobata.
690 855 786 918 Hanc
803 862 922 930 tamen,
946 851 1014 940 quii
1029 863 1109 919 sunt
1123 854 1309 920 incredibili
1325 878 1400 942 per·

191 961 335 1037 vicacia,
357 957 507 1024 Jesuitae
531 957 683 1022 funditus
707 959 903 1023 subvertere
919 965 1094 1022 conantur.
1112 1003 1119 1019 .
1137 1005 1143 1020 .
1161 1007 1168 1023 .
1185 957 1303 1022 Fortes
1320 956 1401 1022 vero

190 1064 233 1128 ad
248 1063 342 1138 haec,
365 1061 516 1148 firmique
531 1060 724 1150 lansenitae
739 1063 773 1126 in
788 1071 925 1146 recepta
941 1059 1043 1126 semel
1058 1062 1233 1138 sententia,
1253 1060 1341 1125 hanc
1359 1061 1401 1125 de

189 1167 298 1255 gratia
324 1165 520 1241 doctrinam,
551 1165 593 1230 ad
621 1165 887 1251 desperationem
915 1163 1080 1228 deducere
1106 1165 1273 1251 negitent3
1304 1186 1399 1250 prae-

189 1267 288 1356 cipud
314 1270 393 1357 quia
420 1269 492 1334 Deo
524 1268 619 1334 fulta.
663 1265 809 1334 Tantum
836 1267 954 1331 abesse
980 1267 1084 1352 ajunt,
1113 1277 1152 1331 ut
1176 1267 1315 1344 inutilis,
1347 1267 1400 1332 vel

188 1373 378 1460 periculosa
394 1372 477 1446 haec
494 1373 537 1437 sit
552 1372 721 1448 doctrinam
742 1381 780 1436 ut
797 1369 923 1447 contra,
939 1370 1114 1436 utilissime
1129 1370 1255 1447 eadem,
1277 1372 1318 1436 ad
1336 1393 1399 1436 nos

187 1476 422 1554 humiliandos,
445 1478 587 1563 proponi
612 1475 750 1562 populo,
782 1495 985 1560 quamquam
1007 1474 1113 1538 multa
1135 1496 1207 1538 cum
1240 1496 1399 1560 praecan-

187 1581 278 1646 tione
318 1589 406 1645 ucat.

250 1601 451 1771 Adqagmen
481 1682 629 1756 tertium,
660 1679 754 1766 quod
783 1678 936 1754 instruxi,
967 1701 1018 1744 me
1048 1678 1201 1755 confero,
1232 1679 1399 1766 vobisque

187 1795 349 1875 quantum
373 1793 584 1860 momentum,
608 1793 680 1847 tota
702 1782 785 1846 haec
800 1804 855 1846 res
871 1781 966 1858 ferat,
991 1805 1113 1858 seeum,
1138 1783 1246 1846 obiter
1260 1805 1398 1870 genera·

184 1891 322 1977 tiusque
346 1889 501 1974 depingo.
547 1887 625 1950 Dixi
648 1895 733 1972 quot
758 1889 962 1972 quantisque
987 1886 1182 1962 intervallis,
1211 1909 1270 1972 per
1296 1887 1358 1951 iter
1379 1884 1398 1950 a

183 1993 397 2069 Jesuitarum,
422 2000 454 2056 et
475 1990 679 2078 reliquorum
702 1989 876 2075 Papalium
899 1989 1068 2054 erroribus
1092 1989 1259 2054 diversum
1276 1989 1397 2054 abeant

183 2097 394 2174 Jansenita03
419 2093 590 2182 quomodo
608 2093 643 2156 hi
660 2093 701 2156 ab
718 2091 795 2167 illis,
818 2113 886 2154 non
902 2093 1024 2166 verbis,
1048 2091 1107 2156 sed
1123 2093 1282 2161 universa
1296 2115 1342 2170 re,
1364 2102 1397 2157 et

184 2209 258 2266 tota
281 2199 446 2265 sententia
469 2196 678 2271 dissentiant,
702 2195 856 2260 indicavi.
903 2196 953 2259 An
975 2217 1043 2259 non
1066 2192 1145 2260 verh
1168 2216 1278 2283 grave,
1296 2207 1395 2282 atque

184 2311 334 2390 apertum
357 2301 502 2387 Papatui
523 2300 675 2364 Schisma
696 2297 780 2362 haec
803 2298 901 2362 nobis
923 2297 1095 2362 indicant?
1118 2319 1159 2361 an
1181 2318 1249 2361 non
1272 2299 1394 2362 vulnus

184 2405 324 2494 aliquod
348 2402 633 2490 Apocalisticum?
656 2401 736 2488 quid
761 2400 883 2464 vulnus
907 2400 1005 2466 dico?
1026 2401 1155 2465 ruinam
1178 2401 1332 2476 minitari,
1356 2424 1394 2466 ac

183 2509 385 2597 portendere
407 2508 542 2572 exitium
563 2504 779 2570 Hierarchiae
795 2503 841 2568 illi
859 2503 981 2567 haecce
998 2502 1176 2569 videntur?
1210 2508 1259 2570 An
1276 2525 1344 2569 non
1361 2506 1393 2570 in

92 2691 93 2696 γ
182 2635 343 2680 summum
376 2633 436 2698 per
464 2610 547 2675 haec
577 2608 754 2673 discrimen
784 2606 982 2672 adducitur?
1034 2605 1122 2686 Quid
1153 2607 1237 2672 enim
1266 2631 1393 2696 quaeso

181 2737 265 2782 sana
280 2716 363 2781 haec
378 2715 420 2780 de
434 2714 541 2801 gratia
555 2713 618 2777 Dei
638 2699 800 2787 doctrina,
821 2709 930 2797 deque
945 2709 1089 2775 hominis
1105 2711 1245 2786 miseria,
1268 2712 1391 2776 ambitu

181 2841 244 2886 suo
282 2841 350 2884 non
388 2815 667 2904 comprehendit?
711 2815 911 2900 Papisticam
942 2812 1121 2878 falsitatem
1152 2835 1221 2878 non
1252 2815 1392 2880 evertit?

180 2926 350 2989 immotum
374 2930 450 3000 stet,
473 2918 565 3007 quod
589 2920 665 2984 olim
692 2917 863 3001 Calvinus,
886 2921 994 3000 (tract.
1017 2917 1058 2981 de
1079 2939 1159 2982 vera
1175 2917 1296 3004 pacit).
1344 2919 1390 2984 he

175 3026 427 3116 justificationis
457 3023 598 3089 articulo
630 3022 822 3098 affirmavit3
859 3042 932 3084 eum
963 3019 1090 3084 scilicet
1120 3023 1202 3085 tanti
1233 3044 1324 3098 esse,
1354 3033 1390 3086 nt

180 3129 337 3218 quamdiu
361 3128 417 3193 ille
440 3128 569 3212 integer
591 3133 731 3200 maneat,
755 3124 796 3189 de
820 3123 960 3188 caeteris
982 3122 1072 3188 haud
1095 3124 1216 3189 acriter
1237 3125 1323 3190 adeo
1347 3127 1390 3190 ait

179 3232 426 3299 decertandum.
470 3231 552 3295 lnde
578 3227 598 3294 a
622 3228 859 3294 reformatione
886 3226 927 3290 ad
958 3229 1148 3312 praesentia
1169 3250 1278 3315 usque
1307 3238 1387 3294 tem·

178 3359 278 3424 pora,
316 3337 422 3424 majus
458 3333 598 3420 aliquod
637 3336 711 3396 sese
741 3329 905 3394 obtulisse
940 3331 1160 3417 praesagium,
1191 3333 1387 3420 veritatique

179 3439 391 3506 orthodoxae
415 3437 639 3503 testimonium
656 3434 780 3500 clarius
796 3432 990 3508 exhibitum,
1014 3433 1104 3498 haud
1121 3435 1274 3521 equidem
1290 3434 1387 3502 facile

178 3543 382 3610 crediderim.
429 3539 518 3622 Quid
542 3539 623 3627 quid
646 3537 827 3624 impellitur
851 3537 1008 3622 Papatns,
1031 3538 1181 3624 ruitque3
1204 3538 1238 3602 in
1261 3539 1385 3604 diesin
1499 3595 1500 3622 ,

177 3648 284 3734 majus
307 3644 505 3732 periculum:
531 3657 563 3707 et
585 3643 657 3707 Deo
674 3643 719 3706 ita
736 3641 907 3728 dirigente,
930 3641 964 3704 in
981 3640 1145 3706 exitialem
1164 3643 1294 3706 tandem
1313 3666 1385 3730 per²
1499 3671 1500 3702 l

176 3751 304 3816 niciam.
430 3746 518 3826 Quid
549 3745 709 3832 impediat
737 3746 867 3831 itaque,
906 3745 1084 3831 quominus
1121 3745 1197 3810 mali
1233 3747 1314 3834 quid
1345 3747 1385 3812 de

175 3855 307 3941 Papatu
331 3851 536 3916 ominemur‘l
560 3848 640 3936 quid
665 3849 795 3913 tandem
819 3858 916 3935 urget
937 3871 1010 3923 vos,
1032 3869 1051 3912 o
1075 3848 1156 3912 boni
1172 3848 1241 3924 viri,
1266 3861 1384 3916 uttam

174 3953 328 4046 ingenue,
346 3975 543 4042 oppressam
559 3952 721 4018 hactenus
738 3961 771 4016 et
786 3973 1000 4038 suppressam
1023 3951 1064 4016 de
1088 3953 1192 4038 gratia
1215 3951 1277 4018 Dei
1298 3955 1382 4019 veri·

173 4069 275 4126 tatem
304 4058 526 4146 profiteamur,
552 4077 591 4121 ac
622 4057 793 4120 nobiscum
824 4055 955 4120 tandem
986 4054 1076 4120 recte
1105 4055 1279 4121 sentiatis?
1303 4058 1383 4145 quid

174 4185 333 4231 censuras
355 4161 561 4236 Pontificius,
590 4159 795 4246 fulminaque
817 4180 858 4224 ex
880 4159 967 4244 pelvi
989 4159 1110 4223 emissa
1131 4159 1278 4226 curatis?
1302 4163 1381 4248 quio

173 4267 215 4334 de
237 4266 394 4332 absoluta
417 4265 528 4351 Papae
552 4272 718 4350 potestate
741 4271 842 4349 atque
863 4260 1066 4350 Tyrannide,
1089 4269 1126 4328 ut
1141 4261 1183 4327 de
1198 4262 1381 4328 infallibili·
1498 4277 1499 4294 ¹

173 4380 241 4438 tate
253 4370 403 4459 ejusdem
424 4391 487 4434 vos
504 4367 674 4454 expedite3
696 4362 716 4434 d
737 4367 827 4454 Papa
844 4365 886 4430 ad
903 4364 1086 4430 concilium
1103 4366 1313 4452 prouocandi
1321 4368 1380 4455 jus

172 4476 271 4542 vobis
294 4482 481 4550 reservate;
504 4471 588 4536 illud
618 4471 914 4558 praedecessorum
941 4477 1127 4536 vestrorum
1157 4479 1329 4557 usurpate,
1352 4472 1381 4536 si

171 4579 267 4672 Papa
294 4598 358 4641 nos
385 4575 662 4654 excommunicet,
690 4596 754 4639 nos
779 4575 887 4662 ipsum
915 4573 1284 4640 excommunicabimus.
1329 4573 1379 4644 Ne
