3050 5046
713 313 772 380 10³

131 520 364 588 communione
377 519 622 594 Eucharistiae,
636 541 738 608 quarn
750 519 901 584 Jesuitae
915 519 1128 606 potissimum
1143 517 1343 584 invexerunt

132 624 344 712 abroganda3
367 632 405 688 ut
424 632 458 688 et
479 623 521 689 de
536 622 653 700 Petro,
676 633 710 688 et
725 623 831 687 Paulo
849 623 1054 710 conjunctim
1071 621 1160 687 sedis
1175 622 1345 686 Romanae

130 727 379 804 fundatoribus,
402 725 560 814 illiusque
578 727 691 811 primis
706 726 887 815 Episcopis
904 725 1153 814 agnoscendis?
1180 747 1248 790 non
1263 746 1344 811 pro-

129 829 223 896 fecti)
239 829 380 908 habetis,
397 830 490 916 quod
505 829 548 894 de
563 829 822 918 Evangeliorum
836 831 962 906 litibus,
980 838 1013 895 et
1026 828 1199 894 Ecclesiae
1215 839 1346 894 vestrae

131 937 260 1000 unitate
277 954 338 1020 pro
353 934 473 998 rostris
488 932 531 998 ad
546 933 709 1020 populum
726 929 880 1021 speciose
895 933 1088 999 declamatis
1104 940 1188 1002 etc.“

196 1238 330 1304 Samuel
351 1237 462 1304 Marez
490 1236 739 1321 (Des-Marde),
774 1246 909 1325 pastor,
940 1239 1114 1326 professor
1140 1246 1174 1304 et
1198 1238 1347 1304 minister

133 1342 348 1408 Calvinianus
370 1341 613 1430 Groningensis
627 1342 850 1407 Jausenianos
872 1342 1040 1408 allocutus
1061 1351 1127 1409 est:
1157 1341 1269 1408 Macte
1288 1341 1347 1408 illa

131 1456 245 1512 vestra
266 1446 398 1521 virtute,
422 1447 483 1510 viri
503 1447 604 1522 docti,
628 1446 721 1533 quod
738 1445 890 1511 audeatis
905 1447 1060 1512 resistere
1074 1445 1177 1533 impio
1193 1445 1241 1510 illi
1256 1445 1346 1511 Pon·

130 1548 227 1615 tifici!
257 1549 356 1635 Angli
376 1547 471 1614 libris
493 1558 527 1614 et
547 1550 682 1635 scriptis
705 1550 948 1634 probaverunt,
972 1550 1157 1615 doctrinam
1174 1547 1346 1614 Jansenia·

130 1673 249 1718 norum
271 1674 346 1717 esse
367 1652 506 1717 eandem
528 1661 629 1740 atque
644 1651 925 1719 Reformatorum.
968 1652 1007 1717 In
1024 1651 1143 1716 Galliis
1159 1651 1213 1716 Du
1229 1651 1346 1728 Molin,

129 1754 321 1832 Rousselet,
337 1755 509 1820 Eusteohe
526 1777 590 1842 pro
606 1755 737 1820 haeresi
753 1753 975 1842 propaganda
989 1754 1237 1822 laboraverunt.
1282 1754 1346 1820 La·

130 1857 230 1924 badia
248 1857 425 1924 confessus
447 1866 514 1936 est,
538 1881 574 1924 se
594 1881 654 1945 per
674 1867 806 1945 portam
821 1859 1022 1924 Jansenismi
1044 1858 1086 1925 ad
1108 1858 1345 1924 Calvinismum

130 1961 315 2039 introiisse,
349 1961 488 2026 Messon
519 1962 710 2033 affirmavit,
744 1983 780 2027 se
808 1962 1054 2027 dansenismum
1083 1962 1286 2049 cognovisse
1311 1961 1345 2026 in

131 2065 350 2142 Calvinismo,
380 2065 480 2154 longe
506 2075 584 2131 ante
607 2087 705 2154 quam
726 2065 906 2132 Jansenius
927 2065 1201 2153 „Augustinum“
1224 2065 1345 2132 librum

133 2169 334 2255 scripsisset.

723 2493 731 2512 .
744 2457 772 2513 il.

347 2560 382 2614 In
392 2558 459 2628 Baji
471 2557 601 2614 daubins
611 2549 693 2614 ¹saraam
702 2456 860 2616 {monins
871 2560 992 2631 deniqne
1004 2559 1116 2615 fundat.

193 2680 321 2768 Bajana
341 2681 487 2767 denique
507 2680 670 2758 doctrina,
693 2681 852 2765 imprimis
874 2681 916 2746 de
931 2690 1022 2747 statu
1037 2688 1177 2746 naturae
1193 2702 1295 2766 purae
1311 2688 1345 2747 et

126 2785 262 2871 lapsae,
296 2784 337 2850 de
365 2784 473 2850 libero
503 2782 648 2848 hominis
678 2785 832 2858 arbitrio,
867 2784 908 2849 de
936 2784 1092 2870 possibili
1112 2784 1343 2849 mandatorum

128 2889 319 2954 divinorum
335 2889 542 2964 executione,
566 2886 608 2952 de
625 2888 785 2974 operibus
806 2885 989 2952 infidelium
1011 2896 1147 2954 exarata
1160 2888 1344 2976 praecipua

128 2991 347 3058 fundamenta
362 2991 593 3077 suppeditavit
609 2991 830 3056 exstruendae
846 2990 1078 3058 Jansenianae.

193 3095 349 3160 Praestat
371 3095 434 3172 ibi,
463 3117 549 3182 quae
570 3095 712 3160 attinent
733 3094 777 3159 ad
799 3115 933 3160 causam
956 3102 1120 3179 nostram,
1150 3116 1189 3160 ea
1209 3116 1251 3160 ex
1272 3094 1345 3182 Baji

129 3198 423 3284 propositionibus
439 3197 567 3262 afferre.
611 3198 805 3284 Propositio
826 3198 955 3286 Bajana
970 3220 1011 3263 ex
1026 3198 1077 3265 79.
1099 3197 1149 3263 21.
1172 3196 1256 3263 haec
1277 3207 1344 3264 est:

131 3301 326 3380 „Humanae
340 3309 480 3366 naturae
496 3300 687 3366 sublimatio
710 3311 744 3366 et
759 3301 918 3368 exaltatio
938 3303 972 3366 in
989 3302 1195 3367 consortium
1211 3301 1344 3366 divinae

130 3414 268 3470 naturae
293 3403 408 3468 debita
427 3403 493 3468 fuit
515 3404 697 3492 integritati
718 3405 825 3491 prima
842 3405 1056 3482 conditionis,
1079 3413 1113 3470 et
1128 3403 1269 3491 proinde
1284 3425 1344 3469 na·

130 3507 248 3574 turalis
271 3506 415 3572 dicenda
436 3515 497 3581 est,
522 3517 555 3572 et
575 3529 644 3572 non
666 3508 970 3594 supernaturalis;“
992 3508 1060 3574 2⁵3
1084 3505 1225 3587 „Omnia
1240 3528 1344 3593 opera

130 3610 311 3676 infidelium
332 3618 412 3676 sunt
432 3620 579 3696 peccata,
604 3620 637 3674 et
656 3597 940 3697 philosophorum
961 3612 1102 3677 virtutes
1125 3618 1205 3676 sunt
1226 3610 1343 3690 vitia;“

131 3713 198 3779 26.:
228 3713 428 3800 „Integritas
459 3713 583 3799 primae
613 3715 793 3778 creationis
820 3737 889 3780 non
916 3714 980 3779 suit
1005 3714 1156 3780 indebita
1180 3713 1344 3778 humanae

130 3825 270 3882 naturae
286 3815 456 3893 exaltatio,
472 3815 532 3881 sed
547 3817 710 3882 naturalis
727 3818 799 3903 ejus
815 3817 996 3896 conditio;“
1009 3818 1078 3883 38.:
1101 3815 1238 3894 „Omnis
1252 3836 1344 3882 amor

133 3928 304 3986 creaturae
324 3919 510 3996 rationalis,
534 3927 592 3984 aut
606 3920 732 3984 uitiosa
747 3929 799 3985 est
814 3920 990 4005 cupiditas,
1014 3942 1082 4006 qua
1103 3919 1248 3984 mundus
1270 3919 1344 3985 dili·

133 4024 231 4110 gitur,
254 4044 341 4108 quae
356 4044 375 4086 a
389 4021 520 4087 Joanne
535 4022 743 4108 prohibetur,
760 4031 818 4088 aut
832 4023 1012 4088 laudabilis
1026 4023 1084 4088 illa
1100 4021 1255 4102 charitas,
1278 4044 1346 4110 qua

134 4149 193 4212 per
203 4125 363 4211 Spiritum
374 4124 532 4190 Sanctum
548 4126 584 4190 in
596 4126 696 4192 corde
714 4126 836 4191 diffusa
846 4127 939 4192 Deus
951 4131 1115 4205 amatur;“
1137 4126 1204 4192 39.:
1221 4124 1345 4207 „Quod

133 4229 323 4294 voluntarie
338 4227 384 4306 fit,
408 4229 536 4294 etiarnsi
552 4231 743 4294 necessario
758 4229 825 4311 liat,
848 4231 953 4296 libere
968 4240 1077 4296 tamen
1091 4229 1129 4295 fit
1135 4235 1166 4310 ;“
1198 4229 1266 4296 41.:
1289 4229 1344 4310 „Is

133 4332 298 4397 libertatis
313 4333 444 4410 modus,
468 4333 526 4419 qui
542 4343 594 4397 est
609 4354 628 4402 a
643 4334 851 4415 necessitate,
868 4334 930 4398 sub
947 4334 1110 4399 libertatis
1127 4334 1259 4398 nomine
1274 4355 1344 4400 non

134 4436 299 4522 reperitur
318 4436 353 4499 in
373 4433 566 4521 Scripturia
591 4437 650 4501 sed
672 4437 781 4502 solum
803 4459 924 4502 nomen
945 4437 1109 4503 libertatis
1131 4443 1344 4523 apecoato;“

126 4540 201 4606 aa:
230 4537 429 4619 „Definitiva
450 4538 533 4604 haec
553 4542 735 4618 sententia,
758 4541 863 4607 Deum
886 4541 1011 4607 homini
1030 4539 1115 4609 nihil
1135 4541 1343 4633 impossibile
