3050 5046
130 476 399 565 responderunt,
421 499 550 564 semper
565 475 702 564 gratiam
719 473 902 563 quamlibet
916 475 949 538 in
965 474 1141 539 voluntate
1156 496 1228 539 eum
1245 459 1341 538 effec-

127 591 205 646 tum
222 581 395 668 consequi,
419 601 514 667 quem
533 577 823 665 concupiscentiae
840 575 1019 642 delectatio
1035 577 1204 642 reluctans
1221 598 1339 642 conoe·

128 685 209 760 dat,
239 707 318 771 ergo
340 683 507 748 efficacem
528 691 620 747 certo
643 703 726 746 esse.
772 679 880 760 Quum
904 681 1091 766 propositio
1114 680 1340 745 damnaretur:

126 789 208 863 „Ad
237 787 428 852 merendum
454 787 508 851 vel
532 784 764 850 demerendum
790 785 824 848 in
851 793 940 848 statu
966 791 1105 849 naturae
1131 783 1246 868 lapsae
1272 803 1341 846 non

125 892 314 978 requiritur
334 892 368 955 in
385 890 518 955 homine
534 889 670 953 libertas
686 909 706 951 a
720 887 930 967 necessitate,
954 886 1015 951 sed
1030 885 1154 951 sufficit
1168 885 1304 950 libertas
1321 906 1341 948 a

126 995 348 1072 coactione;“
377 992 638 1078 responderunt,
669 991 827 1066 animum,
857 989 1036 1054 dummodo
1059 988 1171 1076 eliqua
1192 988 1255 1052 etsi
1280 989 1339 1050 mi-

126 1096 223 1160 nima
243 1096 323 1160 boni
344 1103 402 1159 aut
422 1095 500 1159 mali
520 1094 649 1180 species
664 1094 698 1156 in
721 1093 855 1178 objecto
879 1092 1020 1166 alliciat,
1049 1091 1093 1156 ad
1115 1090 1339 1176 appetendum

127 1207 194 1263 aut
215 1197 428 1285 rejiciendum
451 1198 601 1271 excitari,
627 1197 719 1283 quod
740 1196 781 1260 ad
804 1196 966 1260 actionem
983 1195 1183 1260 meritoriam
1198 1193 1339 1258 redden·

126 1301 209 1366 dam
235 1301 393 1378 sufficiat3
429 1300 563 1376 deinde,
593 1300 729 1386 gratiam
756 1299 936 1374 voluntati,
968 1301 1114 1363 suaviter
1138 1297 1338 1378 influentem,

125 1426 202 1469 nou
233 1405 296 1469 vim
326 1403 462 1478 inferre,
491 1403 591 1490 igitur
619 1404 804 1468 libertatem
834 1425 902 1466 non
930 1401 1085 1478 aufferre,
1115 1401 1338 1466 voluntarium

126 1509 230 1572 etiam
256 1507 396 1572 liberum
422 1528 505 1571 esse.
550 1505 659 1586 Quum
686 1515 804 1593 quarta
829 1505 951 1570 thesis:
986 1504 1260 1590 „Semipelagiani
1280 1503 1337 1568 ad-

125 1611 308 1675 mittebant
328 1609 574 1696 praeveuieutis
596 1611 720 1696 gratiae
735 1609 902 1674 interioris
918 1609 1149 1672 necessitatem
1166 1607 1209 1671 ad
1224 1607 1337 1693 singu·

125 1713 186 1778 los
208 1724 312 1790 actus,
336 1713 435 1777 etiam
456 1713 498 1778 ad
518 1713 634 1777 initum
650 1711 742 1791 fidei3
766 1721 799 1777 et
813 1712 846 1776 in
862 1713 929 1780 hoo
944 1720 1039 1776 erant
1053 1709 1221 1788 haeretici,
1245 1710 1337 1796 quod

124 1816 257 1880 vellent
280 1837 351 1881 eam
376 1817 514 1902 gratiam
541 1814 639 1880 talem
667 1838 756 1891 esse,
786 1816 838 1878 cui
865 1825 983 1900 posset
1008 1815 1152 1878 humana
1178 1814 1336 1878 voluntas

125 1919 286 1984 resistere
307 1919 361 1982 vel
384 1919 648 2004 obtemperare;“
671 1918 952 2002 proscriberetur,
975 1917 1236 2003 responderunt,
1260 1938 1335 2004 gra·

124 2023 210 2086 tiam
226 2021 401 2107 cupiditati
415 2021 639 2086 dominantem
656 2043 750 2084 snum
768 2042 896 2105 semper
912 2021 1064 2085 effectum
1077 2021 1196 2085 sortiri.
1226 2018 1334 2098 Quum

125 2125 319 2210 propositio
339 2125 546 2208 rejiceretur:
570 2123 930 2211 „Semipelagianorum
954 2131 1005 2188 est
1024 2123 1144 2201 dicere,
1167 2122 1335 2189 Christum

125 2249 191 2312 pro
216 2227 370 2291 omnibus
395 2227 528 2290 omnino
552 2227 744 2290 hominibus
767 2237 930 2292 mortuum
955 2250 1043 2303 esse,
1068 2235 1127 2292 aut
1142 2228 1333 2314 sanguinem

125 2329 293 2408 fudisse;“
315 2331 570 2415 responderunt,
594 2329 648 2393 vel
664 2328 831 2393 Christum
854 2352 913 2414 pro
934 2328 1087 2415 reprobis
1109 2339 1268 2416 quantum
1290 2327 1334 2394 ad

126 2431 360 2496 sufficientiam
374 2433 483 2518 -pretii
505 2432 560 2496 vel
587 2455 647 2517 pro
664 2433 766 2518 justis
789 2455 856 2496 non
877 2432 1134 2518 praedestinatis
1161 2432 1331 2496 salvandis

127 2556 168 2599 eo
192 2556 293 2598 sensu
313 2547 478 2600 mortuum
501 2557 584 2610 esse,
609 2544 644 2599 ut
665 2537 788 2623 gratias
810 2537 1008 2619 promeritus
1030 2535 1073 2599 sit
1089 2557 1130 2598 ex
1145 2535 1275 2620 seipsis
1291 2536 1333 2601 ad

131 2639 270 2702 salutem
285 2639 470 2710 tendentes,
486 2637 574 2702 hanc
590 2646 708 2711 tamen,
727 2639 770 2701 ob
787 2637 951 2702 defectum
968 2637 1153 2702 voluntatis
1169 2637 1222 2702 dei
1237 2661 1332 2723 prae-

127 2739 342 2821 destinantis,
366 2763 536 2827 nunquam
558 2743 756 2805 obtinentes.
803 2742 981 2806 Censuram
1003 2741 1050 2805 ita
1072 2739 1332 2806 ecclesiasticam

124 2842 385 2930 fugere‘conati,
409 2844 612 2929 adjecerunt,
634 2844 820 2908 innocentii
841 2843 967 2908 bullam
990 2843 1151 2908 immerito
1175 2853 1208 2908 et
1225 2845 1331 2932 illegi-

123 2947 202 3010 time
228 2945 329 3010 latam
354 2968 443 3020 esse,
474 2947 551 3032 quia
578 2946 727 3010 examina
752 2967 818 3008 non
847 2947 1044 3030 praemissa,
1073 2947 1154 3012 varii
1183 2948 1331 3034 quinque

127 3049 398 3134 propositionum
414 3071 533 3114 sensus
549 3071 617 3112 nou
634 3049 799 3124 destincti,
815 3051 1054 3134 responsiones
1070 3059 1103 3114 et
1118 3049 1331 3128 defensiones

124 3153 158 3213 in
180 3153 331 3216 sessione
352 3152 488 3242 publica
510 3164 542 3216 et
565 3153 703 3216 solemni
720 3175 787 3216 non
804 3163 969 3238 acceptae,
992 3153 1067 3218 libri
1084 3163 1117 3218 et
1132 3155 1256 3239 scripta
1272 3154 1330 3223 ad·

123 3255 272 3318 versaria
287 3255 319 3318 in
337 3277 439 3318 causa
454 3255 604 3320 exhibita
619 3278 686 3318 non
704 3255 866 3334 discussa,
891 3256 1074 3320 cardinales
1091 3257 1132 3321 ad
1146 3257 1329 3322 doctrinam

123 3357 353 3442 inquirendam
375 3357 472 3422 electi
492 3380 559 3422 non
582 3359 665 3443 apti,
695 3380 804 3444 neque
824 3359 896 3431 fidi,
926 3359 1083 3424 Pontifex
1103 3360 1191 3445 ipse,
1221 3367 1330 3425 aetate

124 3460 263 3524 maxime
287 3468 482 3546 provectus,
507 3471 540 3524 et
561 3483 668 3524 rerum
692 3459 957 3547 theologicarum
979 3463 1151 3547 imperitus
1174 3462 1327 3528 fuissent.

123 3562 294 3627 Ecclesiae
317 3562 426 3628 edicto
450 3564 550 3650 igitur
573 3585 608 3628 se
631 3585 699 3627 non
723 3565 936 3651 subjecerunt
958 3588 1067 3652 neque
1091 3567 1124 3630 iu
1139 3581 1248 3632 mente
1265 3589 1326 3630 sua

125 3666 287 3752 subjicere
304 3688 340 3730 se
358 3674 547 3750 potuerunt.
591 3667 668 3730 Non
684 3669 715 3746 ii,
740 3669 797 3754 qui
814 3666 1043 3734 Calvinianum
1061 3670 1208 3756 quinque
1225 3669 1327 3734 thesi·

124 3769 188 3832 bus
205 3769 385 3834 naturalem
402 3779 434 3833 et
455 3769 624 3854 proprium
641 3792 715 3834 esse
731 3793 863 3835 sensnm
878 3773 1089 3850 asserebant;
1112 3773 1237 3859 quippe
1260 3775 1327 3860 qui,

124 3871 188 3936 etsi
208 3871 298 3936 huno
319 3873 489 3958 proprium
512 3893 550 3936 ac
571 3873 753 3938 naturalem
770 3896 843 3938 esse
858 3873 1066 3951 affirmarent,
1090 3885 1197 3941 tamen
1215 3876 1327 3942 theses

124 3974 222 4040 etiam
238 3975 280 4040 ad
296 3997 428 4040 sensnm
444 3977 568 4061 gratiae
584 3998 603 4039 a
619 3998 654 4040 se
670 3976 814 4042 efficacis
835 3977 977 4064 legitime
992 3979 1147 4066 restringi
1164 3981 1327 4044 concede·

123 4079 214 4157 bant,
238 4100 305 4166 qua
326 4101 362 4144 re
384 4079 452 4144 lieri
468 4080 587 4166 potuit,
611 4080 675 4145 imo
699 4081 822 4156 debuit,
850 4090 984 4146 utrum
1007 4103 1109 4170 sensu
1132 4083 1325 4148 Calviniano

123 4181 157 4244 in
181 4181 471 4268 propositionibus
493 4183 647 4247 damnato
662 4183 885 4248 Jansenianus
902 4206 1048 4270 quoqne,
1073 4208 1144 4250 cum
1161 4185 1219 4249 illo
1237 4209 1326 4250 conr·

123 4285 247 4350 mixtus
278 4295 311 4351 et
340 4286 540 4372 conjunctus
570 4286 794 4360 damnaretur,
827 4287 892 4351 nisi
922 4288 963 4351 ab
991 4309 1030 4352 eo
1058 4287 1325 4375 distingueretur.

125 4386 233 4468 Quam
250 4389 293 4454 ob
310 4411 376 4454 rem
393 4411 510 4475 papam
527 4397 720 4455 constanter
734 4390 985 4476 instigaverunt,
1000 4398 1038 4454 ut
1054 4413 1185 4458 sensum
1202 4401 1326 4457 utrum-

124 4513 191 4582 que
213 4491 447 4580 distingueret,
472 4493 563 4578 qnod
587 4516 688 4581 quum
710 4493 744 4558 in
760 4489 1008 4560 Constitutione
1031 4493 1272 4578 confecisset,
1296 4498 1326 4566 ei
