3084 5056
808 295 849 362 26

224 523 289 588 que
311 501 441 566 sincero
458 522 616 588 veroque,
632 500 729 564 sicuti
750 500 884 568 credere
898 500 1023 578 liceret,
1046 499 1153 564 animo
1169 499 1324 576 locuturi,
1342 521 1442 564 con-

223 605 335 670 ciliare
359 627 433 668 oum
455 604 521 668 isto
543 625 734 690 possumne,
758 603 852 690 quod
873 604 1052 668 Jansenius
1076 612 1109 667 et
1131 603 1207 668 dum
1235 604 1376 678 viveret,
1406 614 1444 666 et

222 708 300 773 dum
316 717 508 784 moreretur,
524 719 638 793 aperte
655 707 809 794 clareque
825 707 968 783 sciverit,
990 705 1243 772 reformatorum
1260 729 1298 770 ac
1313 707 1357 770 im
1361 707 1441 791 pri-

220 812 283 876 1313
306 810 377 896 Baji
401 832 529 876 errores
553 811 595 874 ab
617 810 693 894 ipso
717 820 964 898 propugnatos,
987 810 1028 874 ab
1056 809 1196 874 eeclesia
1218 810 1443 894 proscriptos

223 913 319 978 esse?
380 913 511 978 Numne
546 913 703 999 magister
731 936 799 979 non
829 915 925 980 aliter
951 913 1127 982 fraudibus
1162 921 1264 1000 atque
1293 912 1442 976 astutiis

225 1017 347 1104 plenus
362 1025 441 1093 erat,
458 1037 557 1102 quam
573 1016 752 1102 discipuli?

286 1119 520 1196 Observemus,
544 1121 722 1184 occasione
744 1119 833 1197 data,
857 1141 955 1208 quam
981 1118 1093 1184 intime
1115 1118 1327 1192 Janseuistae
1352 1141 1438 1182 cum

221 1223 371 1290 Luthero
394 1233 427 1288 et
442 1223 581 1288 Calvino
604 1223 823 1288 consentiant.
868 1223 962 1287 Sicut
975 1223 1134 1310 magister
1148 1229 1181 1288 31
1196 1222 1265 1287 dux
1281 1231 1414 1287 conten
1424 1259 1439 1270 -

220 1327 323 1403 derat,
340 1349 376 1392 33
392 1326 577 1392 doctrinam
594 1325 627 1390 S.
644 1327 822 1412 Augustini
838 1347 897 1410 per
913 1337 964 1391 tot
979 1325 1112 1390 saecula
1127 1325 1256 1390 exulem
1271 1326 1307 1390 in
1322 1325 1437 1390 scho-

218 1430 270 1504 las
295 1452 484 1507 revocasse,
512 1431 615 1494 itaet
640 1429 832 1516 pedissequi
859 1438 892 1494 et
917 1451 1079 1516 sequaces
1102 1436 1326 1505 asseruerunt,
1351 1451 1436 1494 eum

221 1532 340 1610 solum,
358 1533 415 1618 qui
428 1533 604 1619 Augustini
620 1533 744 1618 scripta
759 1555 928 1618 uunquam
942 1533 1089 1619 legisset,
1106 1532 1290 1598 doctrinam
1305 1531 1436 1598 Janse·

220 1637 353 1701 niticam
368 1635 506 1722 rejicere
522 1659 633 1721 posse,
655 1635 780 1700 bullam
796 1634 921 1700 Urbani
937 1635 1017 1700 VIII
1033 1637 1138 1700 sancti
1154 1636 1259 1721 patris
1276 1633 1435 1721 discipli·

219 1761 293 1804 nam
314 1739 563 1823 reprobavisse:
588 1760 674 1824 „que
696 1746 782 1802 cette
797 1737 894 1802 Bulle
910 1746 961 1803 est
975 1761 1099 1825 propre
1115 1760 1201 1824 pour
1217 1737 1435 1803 scandalizet

218 1843 250 1910 le
271 1841 403 1918 monde,
428 1841 649 1928 parcequ’elle
672 1841 855 1906 condamus
870 1841 905 1906 la
920 1842 1071 1907 doctrine
1086 1841 1128 1907 de
1143 1842 1230 1906 saint
1245 1841 1432 1928 Augustin‚

218 1967 344 2010 comme
359 1945 409 2028 les
425 1945 502 2030 plus
518 1946 676 2032 aveugles
692 1955 770 2009 sont
785 1945 969 2010 eontraints
985 1946 1026 2010 (13
1041 1947 1218 2011 l'avoiier.“
1264 1944 1433 2010 Calvinus

217 2049 410 2124 autumavit,
437 2049 572 2114 concilii
596 2047 785 2113 Tridentini
811 2049 986 2114 anathema
1009 2073 1034 2114 s.
1057 2049 1279 2136 Augustiuum
1304 2071 1430 2134 percu·

218 2163 297 2226 tere,
320 2160 422 2239 atque
439 2175 508 2228 333,
532 2153 589 2238 qui
610 2152 676 2216 hoc
700 2151 872 2228 dixissent,
897 2153 1097 2239 objurgavit,
1122 2151 1215 2238 quod
1236 2151 1429 2216 doctrinam

218 2279 244 2320 s.
267 2255 372 2340 patris
394 2277 463 2319 non
487 2256 779 2341 cognoscerent¹).
824 2255 1066 2342 Melanchthon
1088 2255 1245 2320 doctores
1267 2255 1428 2319 sorboni-

217 2379 276 2423 333
302 2359 512 2444 vituperavit,
539 2358 632 2444 quod
657 2358 732 2422 loco
760 2359 898 2422 Lutheri
921 2382 947 2424 s.
971 2358 1191 2445 Augustinum
1220 2358 1429 2422 condemna-

217 2462 359 2524 vissent:
388 2483 475 2548 „que
501 2460 572 2526 cela
595 2469 742 2526 monstra
768 2461 958 2526 clairement
984 2484 1049 2549 quo
1070 2460 1155 2528 dans
1177 2469 1272 2526 tonte
1287 2461 1321 2524 la
1341 2460 1427 2526 Sor-

217 2568 328 2630 bonne
356 2565 379 2630 il
410 2565 465 2652 n’y
495 2565 585 2630 avait
611 2586 776 2650 personne
803 2566 861 2652 qui
886 2573 961 2630 eust
985 2565 1041 2629 133
1067 2565 1154 2630 saint
1183 2565 1427 2651 Augustin2).“

217 2669 286 2734 Eos
302 2679 468 2755 precatur,
484 2677 522 2732 ut
536 2667 569 2732 S.
586 2669 807 2754 Augustinum
821 2668 949 2754 legant:
974 2667 1124 2746 „d'ouvir
1139 2667 1323 2732 seulement
1335 2668 1428 2732 saint

215 2773 391 2858 Augustin,
415 2781 448 2836 et
470 2771 568 2858 qu'ils
589 2795 631 2836 ue
654 2780 850 2836 trouveront
867 2794 927 2858 pas
943 2794 1008 2836 333
1025 2793 1118 2858 page,
1142 2771 1322 2858 quinales
1339 2793 1425 2835 oon-

216 2875 359 2962 vainque
375 2925 382 2939 .
396 2924 403 2939 .
417 2921 424 2940 .
438 2874 517 2940 Cela
528 2873 652 2942 n’est-il
664 2896 724 2960 pas
737 2883 900 2960 estrange,
917 2898 982 2961 que
995 2875 1078 2940 dans
1090 2881 1185 2938 toute
1197 2874 1230 2938 la
1242 2873 1426 2939 Serbonne

215 2980 239 3043 il
265 2980 321 3065 n'y
347 2979 393 3042 ait
418 2999 458 3042 eu
480 2999 663 3062 personne,
688 2978 744 3065 qui
767 2979 813 3042 ait
832 2978 893 3054 3311
911 2977 1072 3064 l’opinion
1093 2977 1134 3041 de
1156 2975 1189 3041 S.
1211 2975 1424 3065 Augustin.“

214 3081 343 3151 Luther
379 3080 569 3157 contendit,
613 3103 676 3156 „se
712 3103 782 3146 non
818 3081 883 3144 nisi
918 3080 951 3144 S.
989 3081 1209 3167 Augustinum
1248 3080 1424 3167 sequI³).“

216 3184 459 3250 Melanehthon
482 3193 667 3248 asseverat:
691 3206 778 3269 „que
800 3183 962 3268 l’opinion
985 3183 1027 3248 de
1048 3181 1185 3260 Luther,
1209 3183 1373 3248 touchant
1388 3185 1424 3248 la

214 3311 313 3376 grace
333 3297 366 3352 et
380 3287 412 3352 13
427 3286 512 3350 libre
533 3286 666 3360 arbitre,
690 3296 741 3350 est
757 3296 850 3352 tonte
871 3287 912 3350 de
928 3286 1015 3351 saint
1029 3286 1194 3374 Angustia
1203 3309 1212 3360 ;
1236 3296 1269 3352 et
1284 3286 1362 3373 qu’il
1378 3287 1423 3352 l'a

215 3392 430 3457 entierement
455 3389 540 3453 snivi
550 3388 612 3472 1),“
656 3388 822 3454 Affirmat:
850 3412 936 3476 „que
951 3389 1079 3454 Luther
1094 3390 1186 3454 avoit
1199 3389 1235 3454 lt
1249 3390 1420 3476 plusieurs

214 3495 282 3560 fois
298 3503 411 3558 tontes
427 3491 477 3558 les
494 3513 635 3556 oeuvrer
651 3493 693 3556 de
709 3493 796 3557 saint
816 3493 990 3579 Angustin,
1012 3503 1045 3558 et
1061 3493 1142 3580 qu’il
1157 3493 1225 3558 s'en
1241 3495 1422 3559 souvenoit

214 3597 476 3684 parlaitement.“
521 3594 680 3660 Calvinus
700 3596 795 3661 dicit:
819 3597 895 3684 „qu’
912 3618 956 3660 on
973 3607 1054 3682 peut
1072 3598 1265 3662 connoistre
1285 3620 1345 3682 par
1365 3620 1421 3666 ses

215 3723 389 3787 ouvrages,
413 3719 494 3763 avec
516 3697 627 3785 quelle
649 3699 811 3785 diligence
836 3700 860 3764 il
881 3700 970 3764 avait
990 3700 1027 3765 131
1048 3723 1085 3765 33
1102 3700 1189 3764 saint
1204 3699 1361 3777 Docteur,
1386 3708 1420 3765 et

215 3803 366 3869 combien
381 3801 405 3866 il
421 3799 478 3886 luy
494 3801 595 3866 estoit
609 3801 786 3882 familier;“
808 3811 1028 3891 protestatur:
1052 3802 1155 3889 „qu'il
1170 3825 1211 3866 ne
1227 3802 1276 3868 dit
1290 3804 1362 3868 rien
1377 3803 1420 3868 de

213 3908 247 3972 la
261 3929 359 3994 grace
376 3912 409 3970 et
429 3904 475 3968 du
495 3904 579 3968 libre
599 3905 731 3984 arbitre,
755 3930 820 3993 que
836 3908 923 3972 saint
937 3907 1103 3993 Augustin
1118 3906 1199 3970 n’ait
1214 3906 1262 3970 dit
1277 3927 1317 3970 en
1333 3913 1438 3972 mes-'

213 4033 282 4075 mes
297 4018 428 4084 133333,
445 4016 479 4072 31
493 4007 561 4095 qu'l
577 4007 631 4094 n’y
647 4029 667 4074 3
682 4032 743 4094 pas
759 4011 943 4076 seulement
958 4031 1023 4073 uno
1038 4007 1169 4091 syllabe
1184 4008 1226 4072 de
1241 4007 1418 4075 difference

213 4123 305 4180 entre
320 4134 383 4177 son
400 4111 549 4197 opinion,
565 4118 598 4176 et
613 4111 697 4178 celle
712 4113 754 4178 de
770 4112 934 4196 saint⁵).“
960 4111 1003 4178 Et
1019 4111 1074 4175 alii
1091 4110 1132 4176 de
1145 4109 1283 4176 Calvino
1302 4113 1416 4179 obser·

285 4369 308 4436 ¹)
328 4367 401 4420 0313.
415 4374 506 4419 contre
520 4366 543 4419 le
558 4365 665 4419 Concile
678 4365 710 4418 de
723 4364 824 4418 Trente
836 4384 883 4419 sur
895 4365 921 4418 la
933 4383 1001 4418 sess.
1015 4371 1040 4424 6.
1075 4368 1101 4428 a,
1120 4367 1254 4439 Apologia
1267 4369 1299 4422 de
1312 4367 1415 4422 Luther.

283 4456 308 4525 ⁸)
327 4454 381 4507 Liv.
402 4452 435 4506 de
452 4452 568 4504 l'arbitre
588 4451 701 4508 esclave.
746 4453 773 4520 ⁴)
792 4453 926 4524 Apologia
945 4452 1094 4506 (131311131-
1113 4465 1139 4508 et
1158 4473 1191 4508 en
1210 4455 1235 4508 la
1253 4455 1364 4510 Prefnee
1381 4452 1415 4506 dn

212 4548 285 4596 tome
303 4544 327 4598 2.
346 4541 380 4594 de
397 4538 503 4593 Luther.
539 4539 565 4608 ⁶)
584 4537 627 4592 Du
638 4537 682 4592 lib.
695 4538 751 4591 arb.
763 4555 790 4608 p.
805 4541 868 4602 199;
881 4539 945 4592 livre
952 4538 990 4592 'de
1002 4539 1028 4592 la
1040 4541 1257 4612 pradestinntion.
