3050 5046
646 322 743 389 ,83

117 528 222 593 homo
240 548 340 614 quum
358 535 456 592 vacat
471 526 590 614 spiritu
606 526 669 599 dei,
686 547 755 591 non
771 525 907 612 quidem
920 525 1091 602 violentia,
1108 523 1202 592 velut
1216 532 1332 612 raptus

119 630 258 695 obtorto
283 629 383 706 colio,
406 629 526 695 nolens
542 629 624 694 facit
637 629 775 706 malum3
799 627 859 693 sed
875 639 1008 714 sponte,
1031 638 1065 694 et
1078 627 1195 694 libenti
1211 627 1331 693 volun·

117 727 189 798 tate
217 731 308 797 facit.
358 732 441 798 Hoc'
463 754 623 797 vocamus
652 731 753 796 modo
783 731 1015 796 necessitatem
1045 730 1332 805 immutabilitatis·

118 835 214 923 quod
237 835 395 900 voluntas
416 857 491 901 sese
512 845 639 900 mutare
660 843 694 900 et
713 843 843 900 vertere
864 833 930 916 alio
954 849 1022 898 non
1040 833 1158 921 possit.
1201 833 1332 900 Rursus

119 961 163 1005 ex
179 938 285 1004 altera
300 946 404 1024 parte,
421 939 450 1003 si
465 938 549 1004 deus
564 938 598 1004 in
614 939 713 1004 nobis
730 947 897 1024 operatur,
918 945 1047 1002 mutata
1062 946 1095 1003 et
1110 935 1233 1002 blande
1248 936 1333 1002 assi·

118 1041 225 1106 bilata
245 1041 477 1128 perspiritum
500 1039 554 1107 dei
570 1042 739 1117 voluntas,
762 1042 880 1106 iterum
902 1062 992 1106 mera
1006 1039 1157 1106 lubentia
1172 1047 1206 1104 et
1219 1039 1332 1126 proni·

120 1154 190 1211 tate
206 1166 245 1210 ac
261 1153 382 1230 sponte
395 1165 456 1210 sua
469 1143 542 1210 vult
554 1154 587 1210 et
598 1145 689 1221 facit,
706 1166 773 1210 non
787 1153 914 1223 coacte,
930 1165 992 1230 pro
1005 1153 1125 1209 natura
1136 1143 1332 1218 voluntatis,

120 1269 208 1336 quae
225 1247 253 1312 si
269 1255 454 1335 cogeretur,
477 1247 637 1312 voluntas
652 1269 720 1312 non
738 1256 842 1313 esset:
866 1269 940 1312 nam
957 1247 1068 1312 coatio
1084 1246 1199 1334 potius
1214 1255 1275 1323 est,
1295 1253 1334 1312 ut

120 1353 170 1417 sic
186 1349 302 1427 dicam,
325 1350 551 1435 noluntas¹).“
596 1350 772 1426 „Liberum
794 1350 963 1416 arbitrium
979 1359 1060 1436 post
1074 1357 1257 1437 peccatum,
1281 1357 1334 1415 est

119 1474 175 1520 res
190 1452 233 1519 de
249 1453 324 1518 solo
337 1453 504 1537 titulo²).“
534 1453 708 1531 „Liberum
725 1453 894 1520 arbitrium
911 1461 963 1518 est
973 1453 1164 1540 figmentum
1173 1453 1209 1518 in
1219 1451 1331 1528 rebus,

120 1567 155 1622 et
177 1555 296 1622 titulus
313 1556 384 1622 sine
400 1578 468 1644 qua
482 1578 528 1632 rc,
551 1557 630 1644 quia
644 1556 729 1622 nulli
744 1566 796 1622 est
810 1557 843 1622 in
859 1579 971 1633 manu,
995 1557 1168 1643 quippiam
1183 1554 1331 1643 cogitare

120 1658 176 1724 vel
199 1659 280 1724 boni
303 1657 357 1723 vel
377 1658 464 1735 mali,
488 1659 548 1725 sed
571 1660 683 1725 omnia
702 1660 903 1725 necessitate
925 1659 1082 1724 absoluta
1103 1657 1333 1744 eveniunt³)e“

121 1762 256 1840 „Liberi
272 1783 352 1849 ergo
368 1762 495 1827 arbitrii
510 1762 577 1828 hoc
597 1762 699 1828 modo
715 1760 846 1828 dicetur
864 1761 982 1839 homo,
1006 1785 1075 1827 non
1097 1763 1176 1849 quia
1194 1761 1332 1827 liberam

70 1861 73 1866 ’
120 1866 246 1932 babeat
266 1865 346 1930 boni
367 1887 474 1952 aeque
496 1888 536 1931 ac
556 1866 632 1930 mali
649 1865 862 1942 electionern3
885 1865 944 1931 sed
961 1865 1040 1953 quia
1056 1865 1142 1930 mala
1157 1864 1332 1931 voluntate
1371 1897 1373 1903 r

121 1971 200 2057 agit,
223 1991 292 2034 non
309 1968 493 2034 coactione.
538 1969 671 2056 Optime
692 1969 727 2034 id
743 1969 893 2057 quidem3
917 1969 976 2034 sed
993 1991 1154 2056 quorsum
1169 1968 1334 2036 attinebat

122 2095 189 2137 rem
210 2073 371 2138 tantulam
394 2073 479 2138 adeo
502 2073 648 2159 superbo
665 2072 765 2137 titulo
781 2071 1030 2159 insignire⁴)?“
1075 2072 1214 2150 ‚‚Porr0‚
1237 2069 1332 2159 quod

125 2175 275 2242 libertate
290 2176 445 2242 abdicata
459 2175 665 2241 voluntatem
682 2176 758 2240 dico
774 2175 974 2241 necessitate
989 2176 1024 2240 in
1038 2176 1160 2241 malum
1176 2174 1263 2242 trahi
1278 2174 1333 2241 vel

125 2279 217 2344 duci:
240 2280 354 2344 mirum
376 2287 436 2356 est,
459 2279 488 2344 si
509 2280 560 2344 cui
584 2279 737 2344 videatur
751 2301 871 2365 aspera
885 2278 1014 2344 locutio
1031 2328 1039 2343 .
1056 2327 1063 2344 .
1079 2327 1087 2343 .
1105 2278 1247 2344 offendit
1261 2299 1332 2356 eos,

124 2383 182 2470 qui
203 2383 287 2448 iuter
313 2383 543 2448 necessitatem
570 2390 604 2448 et
633 2383 842 2448 coactionem
872 2382 1078 2470 distinguere
1105 2379 1332 2472 nesciunt⁶).“

122 2485 231 2566 „Quia
257 2507 317 2571 per
342 2485 482 2551 liberum
502 2485 673 2550 arbitrium
692 2485 884 2573 intelligunt
906 2489 1030 2572 (patres
1051 2484 1252 2567 Tridentini)
1274 2483 1332 2552 eli·

121 2587 222 2676 gendi
240 2587 444 2665 facultatem,
468 2609 554 2675 quae
575 2590 619 2653 sit
638 2590 672 2653 in
692 2599 866 2676 utramque
883 2597 1009 2674 partem
1023 2588 1137 2666 libera,
1161 2595 1194 2654 et
1209 2587 1332 2670 soluta,

123 2692 255 2758 titulum
272 2693 343 2757 sine
358 2716 394 2758 re
409 2715 494 2774 esse,
511 2692 569 2779 qui
584 2691 759 2771 affirmant,
776 2691 943 2758 Christum
960 2691 1105 2756 habeant
1119 2699 1332 2758 auctorem..

124 2796 224 2876 Quod
255 2796 298 2861 ad
328 2797 433 2882 ipsam
464 2817 578 2860 vocem
605 2796 739 2872 attinet,
777 2795 917 2860 audiant
942 2794 1231 2882 Augustinum⁶).“
1274 2793 1333 2876 „Si

123 2899 292 2965 coactioni
315 2907 509 2986 opponatur
524 2899 672 2980 libertas,
695 2897 834 2963 liberum
851 2899 1022 2988 arbitrium
1038 2920 1113 2964 esse
1129 2905 1162 2964 et
1175 2898 1286 2965 fateor
1300 2907 1335 2965 et

123 3011 319 3070 constanter
344 3021 518 3080 assevero3
546 3023 586 3067 ac
611 3023 674 3087 pro
700 3001 869 3066 haeretico
895 3001 1021 3078 habeo,
1052 3002 1207 3090 quisquis
1235 3023 1333 3068 secus

124 3107 255 3172 sentiat.
293 3104 329 3169 Si
346 3104 420 3180 hoc,
443 3106 590 3192 inquam,
613 3125 714 3170 sensu
731 3104 873 3169 liberum
889 3111 1039 3182 vocatur,
1062 3106 1225 3192 quianon
1241 3105 1333 3193 cogi·

123 3219 187 3281 tur.
211 3217 269 3274 aut
284 3208 449 3274 violenter
463 3207 615 3274 trahatur
630 3215 768 3272 externo
784 3216 887 3289 motu,
910 3209 971 3274 sed
991 3217 1112 3296 sponte
1129 3218 1247 3297 agatur
1262 3229 1333 3290 sua,

124 3311 207 3376 nihii
233 3310 418 3392 moror⁷t.“
462 3310 716 3398 ‚,(Augustinus)
742 3309 858 3391 docet,
887 3311 980 3398 quod
1005 3312 1150 3378 humana
1175 3311 1333 3377 voluntas

125 3437 193 3480 non
215 3415 369 3480 libertate
390 3414 527 3502 gratiam
555 3413 614 3479 sed
635 3413 743 3502 gratia
762 3423 990 3502 consequatur
1009 3415 1211 3493 libertatem
1240 3415 1334 3503 quod

125 3539 186 3605 per
207 3519 352 3584 eamdem
373 3519 510 3606 gratiam
526 3517 689 3603 impresso
704 3516 937 3584 delectationis
952 3517 1083 3596 affectu,
1105 3518 1148 3584 ad
1164 3519 1332 3605 perpetui·

125 3632 225 3687 tatem
255 3619 547 3701 conformetur⁸).“
590 3620 750 3706 „Semper
779 3629 887 3686 autem
918 3630 1061 3690 testatus
1090 3643 1178 3700 sum,
1209 3643 1261 3688 ma
1290 3620 1332 3688 de

211 3835 244 3840 -...
250 3833 322 3840 .----

196 3947 218 4015 ¹)
237 3944 314 4000 Luth.
327 3945 370 4002 tib.
384 3943 417 3999 de
430 3963 508 4000 servo
521 3945 639 3999 arbitrio.

192 4035 218 4102 ²)
238 4032 314 4086 Luth.
328 4031 353 4085 in
366 4033 476 4085 articulo
490 4035 540 4097 36..
560 4031 678 4086 aLeons
689 4029 725 4084 Χ.
740 4030 875 4088 damnato.

194 4120 216 4188 ⁸5
234 4121 340 4172 Assert.
352 4127 402 4172 art.
416 4135 439 4171 a.
452 4122 493 4176 36.
507 4118 547 4172 ed.
560 4136 620 4190 gen.
636 4119 709 4175 1525.

193 4208 219 4275 ⁴)
240 4206 312 4260 Calv.
326 4206 407 4260 instit.
420 4205 464 4260 lib.
479 4209 503 4263 2.
516 4224 538 4259 c.
553 4209 576 4262 2.
590 4223 616 4258 n.
629 4208 653 4261 7.
666 4222 693 4275 p.
705 4205 747 4260 84.

195 4295 219 4362 ὓ)
240 4292 313 4346 Calv.
327 4292 408 4346 instit.
421 4293 437 4350 l.
449 4297 473 4350 2.
488 4311 510 4351 c.
522 4295 547 4349 3.
560 4310 584 4348 n.
596 4294 621 4349 5.
634 4309 661 4362 p·
674 4291 715 4347 95.
942 4355 944 4360 ,

195 4381 219 4447 ⁶)
239 4378 312 4433 Oaiv.
326 4379 436 4434 antidot.
450 4379 484 4433 ad
493 4396 587 4435 canon.
599 4381 624 4435 5.
637 4393 705 4431 sess.
720 4378 744 4432 6.
758 4373 840 4427 Cone.
854 4369 928 4426 Trid.

194 4468 218 4536 ⁷)
237 4465 309 4520 Celv.
322 4467 338 4520 1.
352 4470 377 4524 2.
390 4465 518 4521 delibero
531 4464 640 4520 arbitrio
654 4470 747 4518 contra
759 4459 889 4532 Pighium‚
906 4475 969 4531 pag.
980 4461 1040 4516 251.

194 4556 219 4624 ⁸)
239 4553 312 4632 Calv.
325 4553 407 4610 instit.
419 4553 436 4610 l.
449 4557 475 4612 2.
487 4571 510 4609 e.
521 4556 585 4612 3-11.
599 4555 640 4610 14.
652 4569 678 4626 p.
691 4552 751 4607 101.
1130 4612 1162 4671 6.
