3084 5056
713 307 755 374 43

632 399 833 410 ι--ι--ι--ι

125 510 289 598 loquitur'
306 509 477 576 veritatem
503 511 536 574 in
565 509 667 574 corde
693 533 765 577 suo.
814 512 868 587 Et,
892 511 953 597 ‘qui
971 511 1064 597 jurat
1086 511 1239 597 proximo
1262 531 1337 586 suo,

129 625 163 679 et
180 635 248 678 non
263 613 404 699 decipit3
425 613 619 700 hujusmodi
630 617 758 679 'erroris
774 615 998 680 sectatoribus
1013 614 1137 690 liceret,
1152 613 1336 678 Ecclesiam

125 717 233 802 ipsam
249 716 471 804 jurejurando
494 717 663 802 decipere,
686 713 854 804 simulque
873 717 1091 804 Apostolicae
1112 717 1209 782 Sedis
1226 716 1338 802 provi-

127 819 275 884 dentiam
297 819 452 899 fallere¹t
470 868 476 884 .
495 867 526 887 ..
562 818 612 884 Ne
635 820 828 906 hujusmodi
852 821 946 906 pravi
969 820 1121 888 homines
1145 818 1339 888 Catholicae

126 923 300 988 Ecclesiae
323 945 437 1008 pacem
462 923 656 988 subvertere
680 926 813 1010 impune
836 915 985 1012 pergant,
1013 933 1046 988 et
1068 923 1276 1010 simplicium,
1300 944 1339 986 ac

128 1026 327 1112 pusillorum
342 1026 508 1090 mentibus
525 1026 695 1111 imponere
712 1077 718 1090 .
733 1077 740 1092 .
754 1073 783 1092 ..
806 1037 843 1092 ut
859 1027 998 1113 quaevis
1014 1027 1231 1111 imposterum
1247 1047 1337 1090 erro·

127 1131 175 1196 ris
199 1130 334 1196 occasio
357 1129 491 1215 penitus
512 1130 733 1215 praedicatur,
757 1141 859 1217 atque
881 1152 996 1194 omnes
1013 1129 1207 1194 Catholicae
1222 1127 1339 1194 Eccle-

127 1233 198 1298 siae
223 1232 281 1296 filii
307 1229 493 1296 Ecclesiam
515 1233 622 1318 ipsam
645 1233 770 1309 audire,
793 1256 862 1298 non
885 1233 1029 1298 tacendo
1050 1233 1161 1297 solum
1186 1236 1282 1316 (narn,
1307 1241 1340 1297 et

129 1335 222 1421 impii
251 1336 286 1400 in
314 1335 461 1400 tenebris
492 1336 737 1420 conticescunt)
768 1337 844 1414 sed;
875 1349 908 1401 et
938 1336 1076 1402 interius
1108 1335 1339 1423 obsequendo,

129 1460 217 1526 quae
242 1459 322 1504 vera
348 1447 399 1504 est
426 1436 618 1504 Orthodoxi
644 1440 789 1504 hominis
817 1439 1017 1513 obedientia,
1045 1439 1253 1515 condiscant,
1276 1439 1341 1504 hac

126 1551 245 1608 nostra
268 1551 430 1628 perpetuo
456 1541 596 1606 valitura
620 1543 879 1611 Constitutione.
925 1542 1161 1618 Obedientiae,
1192 1543 1335 1630 quaein

127 1645 344 1732 praeinsertis
371 1640 678 1710 Constitutionibus
705 1645 856 1721 debetur,
881 1645 1088 1733 obsequioso
1114 1645 1173 1710 illo
1205 1645 1339 1710 silentio

128 1748 260 1812 minime
283 1746 367 1811 satie
388 1746 474 1826 fieri;
503 1747 563 1812 sed
586 1747 775 1812 damnatum
800 1749 833 1813 i‘n
857 1749 1006 1836 quinque
1029 1747 1188 1834 praefatis
1211 1747 1340 1834 Propo-

128 1851 310 1916 sitionibus
334 1849 484 1915 Jansenii
509 1851 601 1916 Libri
626 1874 770 1928 sensum,
795 1873 892 1939 quem
919 1851 1050 1916 illarum
1074 1851 1176 1916 verba
1201 1873 1342 1936 praese

129 1953 250 2030 ferunt,
280 1960 319 2018 ut
340 1953 536 2039 praefertur,
560 1955 602 2018 ab
627 1955 781 2019 omnibus
805 1953 929 2019 Christi
951 1954 1116 2031 fidelibus,
1139 1961 1178 2018 ut
1199 1954 1341 2019 haereti·

131 2079 215 2134 cum,
230 2078 300 2121 non
315 2078 373 2122 ore
389 2056 510 2131 solum,
533 2057 593 2121 sed
609 2067 643 2122 et
659 2057 761 2123 corde
776 2058 878 2144 rejici,
900 2079 938 2122 ao
955 2058 1103 2122 damnari
1119 2057 1256 2134 debere3
1279 2079 1341 2122 nec

130 2159 199 2224 alia
211 2167 328 2236 mente,
351 2159 462 2223 animo
479 2166 537 2224 aut
553 2160 752 2226 credulitate
769 2161 981 2247 supradictae
997 2161 1160 2226 formulae
1175 2161 1343 2226 subscribi

132 2284 251 2349 posse:
273 2262 320 2326 ita
341 2270 388 2347 ut,
413 2262 470 2349 qui
487 2285 595 2341 secus,
618 2272 677 2329 aut
698 2273 825 2341 contra,
849 2264 963 2352 quoad
979 2263 1063 2329 haec
1081 2265 1200 2340 omnia,
1226 2274 1259 2329 et
1274 2265 1341 2330 sin·

129 2366 223 2454 gula,
253 2365 650 2445 senserinatenuertnt,
679 2368 965 2454 praedicaverint,
996 2367 1099 2433 verbo
1130 2367 1186 2433 vel
1214 2367 1341 2454 scripto

128 2467 316 2546 docuerint,
339 2475 398 2533 aut
419 2470 623 2535 asseruerint
638 2479 797 2558 tanquam
814 2471 1037 2558 praefatarum
1055 2471 1340 2536 Constitutionum

128 2583 406 2661 transgressores,
431 2573 595 2649 omnibus,
619 2583 653 2640 et
674 2575 815 2662 singulis
837 2575 968 2640 illarum
990 2576 1150 2650 censuris,
1174 2582 1208 2639 et
1221 2575 1341 2660 poenis

128 2677 266 2740 omnino
296 2676 502 2762 subjaceant,
533 2676 645 2740 eadem
674 2679 874 2742 anctoritate
903 2678 1100 2765 Apostolica
1123 2678 1342 2754 decernimus,

127 2779 348 2856 declaramus,
365 2779 552 2854 statuimus,
570 2779 835 2864 ordinamus2).“

191 2881 405 2948 Jansenianis
428 2882 658 2968 quaestionem
682 2883 773 2948 illam
796 2883 837 2947 de
860 2883 951 2948 facto
974 2892 1007 2948 et
1022 2883 1099 2970 jure
1122 2904 1340 2970 propugnan-

125 2987 217 3052 tibus
234 2983 379 3071 ideoqne
395 2985 619 3050 obedientiam
645 2987 919 3062 detrectantibus,
935 2987 1086 3073 episcopi
1102 2987 1224 3063 statim,
1241 2996 1342 3074 quot·

127 3097 214 3178 quot
234 3089 372 3154 Parisiis
395 3110 484 3153 anno
511 3088 602 3154 1654.
629 3089 778 3165 aderant,
804 3089 1012 3155 occurrendo
1036 3104 1282 3166 convenerunt,
1304 3098 1343 3154 ut

127 3191 288 3257 medelam
306 3212 397 3256 novo
420 3191 538 3256 morbo
562 3191 726 3276 afferrent,
751 3215 854 3280 quare
877 3195 910 3258 in
933 3192 1046 3258 dacem
1071 3194 1341 3280 congregationi-

127 3297 193 3362 bus
216 3295 365 3360 examina
389 3317 449 3380 per
468 3305 614 3382 quatuor
636 3297 912 3382 archiepiscopos
936 3307 969 3362 et
991 3305 1138 3384 quatuor
1160 3297 1341 3383 episcopos

127 3399 170 3464 de
192 3398 279 3464 libro
301 3397 461 3474 Jansenii,
485 3398 526 3462 de
550 3399 698 3486 quinque
713 3399 1003 3486 propositionibus
1026 3411 1128 3487 atque
1150 3399 1341 3486 descriptis

126 3502 337 3566 adversariae
370 3501 475 3586 partis
506 3500 607 3581 facto,
640 3511 845 3581 statuerunt,
875 3504 1047 3568 damnatas
1077 3505 1119 3568 ab
1143 3503 1340 3568 Innocentio

129 3605 278 3693 quinque
294 3604 547 3690 propositiones
569 3605 679 3670 inesse
703 3608 934 3694 „Augustino“
956 3606 1117 3683 Jansenii,
1134 3607 1341 3692 proscriptas

127 3708 223 3774 etiam
248 3729 304 3772 eas
328 3728 402 3771 esse
418 3707 450 3770 in
473 3729 575 3774 sensu
589 3711 728 3795 proprio
754 3720 785 3775 et
801 3710 943 3776 naturali
960 3709 1001 3774 ad
1022 3709 1215 3774 Jansenium
1236 3710 1339 3796 perti·

197 3943 219 4014 ¹)
239 3942 315 4016 „u'gti
333 3944 347 3998 b
366 3945 473 3998 notorio
492 3945 539 3999 ohe
558 3945 644 3998 alcuni
664 3965 732 3999 sono
750 3947 839 4000 venuti
857 3946 891 4000 ad
903 3965 938 4000 un
951 3947 1004 4000 tale
1020 3965 1129 4002 eccesso
1144 3947 1341 4018 d'impudenza,

126 4030 174 4083 che
200 4030 392 4096 scordandosi,
417 4050 471 4085 non
496 4032 644 4086 solamente
667 4033 735 4086 delle
758 4033 860 4104 Regole
885 4034 953 4087 della
976 4033 1110 4088 Cristiana
1133 4035 1271 4100 sincerita,
1295 4053 1338 4088 rna

125 4134 226 4170 ancora
243 4116 303 4170 dell’
317 4121 413 4173 onestb
430 4119 560 4184 naturale,
578 4137 632 4172 non
644 4119 731 4172 hanno
750 4129 851 4174 temuto
865 4121 890 4173 di
904 4121 1051 4186 affermare,
1071 4121 1118 4174 che
1131 4122 1146 4175 e
1158 4138 1298 4193 permesso
1312 4123 1337 4176 di

125 4212 199 4257 sotto
211 4204 328 4258 scrivere
341 4204 359 4256 il
370 4203 535 4258 Formulario
547 4205 743 4258 d'Alessaudro
757 4206 826 4272 v11,
840 4225 921 4262 senza
933 4207 1042 4262 credere
1061 4209 1272 4274 interiormente,
1290 4210 1338 4263 che

125 4289 144 4342 il
155 4290 225 4344 libro
235 4289 262 4342 di
275 4289 420 4344 Giansenio
434 4299 566 4363 contenga
578 4291 696 4346 dottrina
708 4294 814 4357 cretica,
828 4312 903 4347 come
916 4295 1031 4349 setosae
1043 4313 1183 4367 permesso
1195 4297 1219 4350 a'
1229 4298 1337 4369 seguaci

125 4376 152 4430 di
175 4384 273 4448 questa
296 4377 383 4430 eresia
407 4377 578 4450 d'ingennare
606 4379 633 4432 la
658 4377 756 4432 Chiesa
778 4399 829 4434 con
853 4400 888 4434 un
912 4381 1079 4454 giuramento
1103 4382 1206 4437 falso.“
1250 4383 1337 4440 Breve

125 4464 219 4528 storia,
242 4463 259 4516 l.
279 4481 301 4516 c.

192 4551 220 4622 ²)
236 4549 344 4602 Reeueil
356 4549 405 4604 des
418 4549 508 4604 Bulles
521 4569 548 4623 p.
560 4554 630 4618 387,
644 4569 687 4623 ap.
701 4551 803 4606 Tourn.
817 4553 833 4605 l.
848 4571 869 4610 c.
882 4583 916 4594 -
