3050 5046
680 266 881 370 -1—28—

181 471 362 557 obsequnti
376 493 446 536 non
462 477 555 547 sunt,
579 469 684 536 multo
698 472 823 552 minus,
848 465 950 559 q'uum
967 475 1197 559 quaestionem
1212 474 1293 541 faeti
1309 499 1388 542 esse

152 641 153 648 χ
178 575 434 649 contenderent,
463 595 595 638 sensum
619 574 801 660 quendam,
830 577 899 640 sive
923 575 1152 641 Calvinianum
1175 579 1245 644 sive
1260 579 1388 644 danse-

177 681 310 742 nianunr
334 677 624 763 propositionibus
647 678 809 758 tribuere,
832 679 865 742 in
889 701 955 764 qua
978 681 1175 767 quaestione
1191 681 1389 747 definienda

178 781 319 846 ecclesia
339 780 522 844 infallibilis
544 792 726 856 necasset,
751 782 849 846 sicuti
865 781 1042 846 docebant.
1086 783 1206 870 Neque
1227 784 1347 850 deinde
1364 787 1387 850 ii

178 885 405 969 obtemperare
428 893 625 968 potuerunt,
650 885 707 970 qui
731 885 855 970 gratiae
879 884 1024 949 efficacis
1046 887 1327 973 Augustinianae‚
1350 887 1385 952 id

178 997 238 1064 est,
254 987 474 1051 Jansenianae
491 1008 624 1050 sensum
637 988 785 1073 quinque
801 987 953 1053 thesibus
969 991 1139 1074 proprium
1157 998 1189 1054 et
1200 991 1388 1056 naturalem

178 1113 251 1156 esse
272 1091 448 1166 volebant3
473 1089 636 1175 siquidem
658 1112 730 1153 eum
753 1111 815 1174 pro
839 1090 1030 1154 orthodoxo
1047 1101 1081 1156 et
1096 1093 1264 1158 catholico
1280 1092 1385 1157 habe·

178 1196 259 1258 bant
282 1193 436 1257 omnibus
458 1193 557 1256 nobis
582 1193 723 1269 tuendo,
748 1201 781 1257 et
805 1213 921 1278 papam
947 1216 1056 1258 errore
1078 1195 1158 1260 facti
1181 1195 1384 1281 implicatum

178 1297 276 1362 alium
304 1304 337 1360 et
364 1317 537 1360 erroneum
562 1295 721 1359 lansenio
747 1317 879 1360 sensum
907 1297 1077 1362 affinxisse
1108 1298 1383 1383 praetendebant.

177 1400 248 1466 Nec
263 1401 371 1463 minus
387 1399 475 1464 clare
490 1399 524 1462 in
539 1399 686 1484 quinque
703 1398 761 1485 qui
776 1399 973 1464 dicebantur
988 1401 1136 1465 articulis
1152 1401 1386 1488 regeFranco-

178 1503 309 1568 Gallico
324 1502 514 1587 impellente
530 1503 726 1586 compositis
739 1501 911 1567 doctrinae
929 1525 1008 1566 suae
1023 1503 1168 1568 indolem
1185 1515 1219 1570 et
1233 1513 1386 1570 naturam

176 1607 416 1692 probaverunt.
460 1603 628 1670 Adhanc
659 1605 742 1668 enim
775 1605 1020 1690 explicandam,
1056 1629 1158 1692 quum
1188 1631 1228 1672 ex
1255 1629 1385 1672 summo

177 1709 296 1774 ardore
324 1719 357 1773 et
385 1705 497 1772 studio
528 1717 698 1793 permotus
730 1707 1013 1793 perturbationem
1044 1710 1203 1775 ecclesiae
1233 1710 1386 1776 doctrina

176 1812 382 1878 Jansenitica
409 1810 568 1874 inflictam
595 1812 755 1886 amoveri,
786 1811 914 1876 animos
942 1814 1203 1877 concertantium
1229 1814 1325 1879 leniri
1352 1825 1387 1879 et

177 1916 357 1990 conciliari,
382 1913 490 1978 sedari
517 1914 694 1998 procellas,
719 1915 877 2000 componi
897 1915 1095 1992 inimicitias,
1119 1916 1306 1982 discordias
1328 1939 1385 1982 ex·

177 2019 317 2108 stingui,
342 2017 464 2104 quibus
487 2017 628 2080 ecclesia
651 2025 828 2082 vexaretur
850 2027 883 2082 et
904 2031 1123 2104 premeretur,
1148 2023 1237 2086 omni
1260 2029 1387 2084 conatu

178 2123 296 2199 vellet,
325 2120 475 2185 Janeenii
498 2119 708 2195 defensores,
732 2121 891 2206 imprimis
914 2121 1071 2186 doctores
1096 2122 1229 2200 Girard,
1253 2123 1384 2199 Nicole‚

175 2226 302 2292 Lalane
346 2224 493 2310 quinque
537 2224 697 2288 articulos
735 2225 1024 2314 propositionibus
1061 2226 1305 2311 respondentes
1343 2227 1385 2290 ad

177 2330 364 2394 doctrinam
379 2329 515 2390 istarum
532 2327 764 2411 exponendam
781 2329 1062 2412 conscripserunt,
1079 2329 1384 2414 quosann01663.‚

176 2433 234 2498 ubi
263 2432 402 2518 primum
432 2439 531 2494 antea
557 2452 629 2493 cum
651 2430 750 2494 Patre
771 2428 921 2494 Ferrerio
949 2429 1101 2512 (Ferrier)
1127 2431 1256 2496 Jesuita
1281 2431 1385 2496 dere

178 2537 326 2624 quinque
350 2533 529 2619 colloquiis
553 2553 664 2596 coram
688 2533 848 2618 episcopo
867 2531 1121 2598 Convennarum
1137 2535 1260 2599 habitis
1276 2535 1384 2599 disse·

177 2648 329 2717 ruerunt,
365 2637 444 2700 huic
472 2637 632 2721 episcopo
659 2638 831 2715 miserunt,
859 2645 895 2699 ut
920 2636 1087 2720 perlectos
1114 2649 1147 2702 et
1176 2640 1384 2724 approbatos

176 2743 315 2808 Romam
336 2739 488 2816 deferret,
515 2739 663 2824 polliciti,
688 2739 853 2825 quidquid
868 2739 1025 2804 Pontifex
1045 2741 1086 2804 de
1107 2742 1148 2804 iis
1165 2741 1380 2816 decrevisset,

178 2867 251 2911 sese
271 2845 300 2909 ei
318 2843 513 2908 obedituros
526 2865 609 2907 esse.
652 2842 841 2907 Alexander
855 2841 928 2907 Vll.
946 2843 1154 2927 disciplinam
1169 2843 1222 2908 his
1235 2845 1384 2909 articulis

103 2988 106 2998 v
176 2947 419 3015 doctrinalibus
436 2955 634 3021 contentam,
652 2947 802 3032 quamvis
817 2945 1013 3010 Janseniani
1029 2967 1148 3032 papam
1165 2949 1194 3010 ei
1210 2969 1385 3012 assensum

131 3122 133 3129 ,
177 3075 252 3118 esse
267 3075 302 3116 se
312 3052 490 3138 jactarent,
513 3057 672 3135 tanquam
693 3048 855 3112 haeresim
870 3047 1106 3114 Janseniticam
1121 3059 1253 3115 tuentes
1267 3073 1384 3135 repro-

179 3157 281 3222 bavit.
318 3151 539 3219 Discernendi
555 3159 663 3217 autem
680 3159 759 3215 sunt
774 3149 809 3214 hi
825 3151 954 3215 articuli
971 3151 1012 3215 ab
1029 3151 1102 3216 aliis
1114 3151 1266 3240 ¹quinque
1281 3175 1385 3240 quae·

178 3260 318 3325 ctionem
350 3256 430 3322 facti
461 3264 494 3320 et
523 3255 742 3320 reverentiam
772 3253 999 3318 decisionibus
1032 3255 1210 3340 pontificiis
1240 3257 1384 3322 debitam

179 3362 408 3450 spectantibus
426 3347 540 3446 paullo
557 3366 636 3444 post
652 3357 767 3422 eodem
785 3379 872 3420 anno
883 3357 982 3444 jusso
999 3359 1086 3445 regis
1100 3359 1267 3445 episeopis
1279 3359 1385 3424 Galli·

182 3468 272 3532 c'anis
296 3487 315 3528 a
330 3464 535 3539 Jansenitis,
548 3461 666 3526 exinde
689 3483 748 3546 per
771 3461 951 3546 episcopos
966 3481 1073 3546 papae
1091 3461 1229 3538 oblatis3
1253 3461 1294 3526 de
1311 3463 1384 3548 qni·

176 3571 240 3636 bus
264 3569 318 3633 hic
341 3589 409 3630 non
433 3567 549 3653 agitur.
593 3565 632 3629 ln
659 3565 734 3628 istis
758 3573 867 3629 entem
890 3560 1147 3646 doctrinalibus,
1182 3587 1267 3652 quae
1290 3574 1384 3630 tanta

176 3673 303 3748 fraude,
328 3670 509 3734 calliditate
525 3676 558 3732 et
573 3669 786 3755 ambiguitate
803 3667 979 3730 verborum
997 3669 1201 3754 compositae
1218 3680 1320 3745 erant,
1347 3678 1385 3732 ut

177 3776 254 3841 fidei
271 3773 455 3838 catholicae
471 3771 614 3857 speciem
636 3793 715 3856 prae
731 3793 767 3834 se
783 3769 927 3835 ferentes
944 3779 1045 3856 atque
1061 3771 1247 3836 catholicos
1263 3773 1384 3856 impios

178 3879 382 3963 decipientes
396 3875 639 3940 Jansenismum
652 3874 802 3938 vestibus
820 3873 1019 3938 orthodoxis
1038 3874 1235 3939 obvolutum
1251 3875 1383 3960 praedi·

179 3987 302 4060 carent,
326 3999 502 4064 expressas
525 3999 632 4041 novae
655 3977 834 4042 haereseos
850 3977 942 4062 leges
959 3977 1110 4062 legimus.
1155 3976 1255 4057 Quod
1271 3978 1384 4042 nullus

179 4085 315 4172 negabit
328 4081 551 4168 perpendens,
568 4092 721 4146 auctores
738 4080 952 4145 articulorum
970 4079 1220 4145 ardentissimos
1235 4080 1385 4146 Jansenii

180 4187 384 4261 defensores,
400 4185 515 4260 libros
540 4205 626 4270 quos
643 4192 812 4269 praetcrea
830 4184 1033 4268 scripserint,
1055 4184 1155 4247 rebus
1170 4183 1383 4248 Janseniticis

181 4291 308 4375 plenos
332 4287 444 4363 verba,
468 4309 553 4374 quae
576 4287 864 4372 propositionibus
888 4286 1109 4371 proferantur,
1133 4296 1245 4373 aperte
1268 4287 1383 4352 haere·

181 4393 231 4456 sin
249 4394 330 4457 tuita
346 4391 460 4455 fuisse.
505 4389 609 4478 Cujus
632 4390 777 4456 haeresis
793 4388 1007 4454 fundamenta
1023 4412 1108 4477 quae
1125 4392 1191 4455 sint
1206 4399 1294 4455 certe
1310 4389 1383 4456 tali·

180 4495 244 4562 bus
267 4493 480 4561 articulorum
503 4494 613 4561 verbis
637 4493 898 4560 demonstratur:
937 4494 1008 4576 „De
1024 4494 1128 4583 justis
1150 4493 1232 4576 illis,
1262 4493 1382 4584 quibus
