3050 5046
721 312 763 382 79

133 517 288 584 Christus
302 517 403 584 desns
419 517 583 584 Dominus
605 527 731 598 noster,
753 520 841 585 sicut
861 517 976 586 nullus
997 519 1098 586 bomo
1122 531 1182 601 est,
1206 521 1270 591 fuit
1291 521 1343 587 vel

132 623 206 702 erit,
229 621 325 708 eujus
340 630 459 687 natura
475 621 584 688 inille
600 632 772 708 assumpta
787 644 855 688 non
872 621 982 701 fuerit,
1005 625 1051 688 ita
1066 624 1179 690 nullus
1195 634 1256 700 est,
1279 623 1344 690 fnit

131 725 188 792 vel
214 724 420 802 anthemo,
452 747 516 811 pro
543 745 611 811 quo
636 746 761 811 passus
786 748 854 792 non
880 725 995 803 fuerit,
1028 727 1107 794 licet
1132 750 1201 792 non
1227 750 1343 792 omnes

129 829 304 916 passionis
330 829 488 916 mysterio
518 826 731 894 redimantur.
787 829 889 911 Quod
916 853 997 896 vero
1028 852 1144 896 omnes
1172 831 1343 917 passionis

130 932 205 1019 ejus
228 932 385 1017 mysterio
410 953 482 996 non
509 931 731 1008 redimuntur,
760 955 828 998 non
856 934 995 1020 respicit
1016 933 1059 999 ad
1081 934 1341 1022 magnitudinem

130 1045 166 1101 et
187 1036 286 1122 pretii
307 1035 559 1122 copiositatem
582 1034 643 1102 sed
664 1035 707 1100 ad
727 1036 917 1114 infidelium,
941 1047 975 1102 et
995 1037 1037 1103 ad
1052 1059 1119 1104 non
1137 1037 1341 1106 credentium

131 1161 172 1205 ea
192 1139 274 1216 fide,
304 1161 390 1227 quae
410 1161 472 1226 per
493 1139 705 1204 dilectionem
732 1151 906 1226 operatur,
935 1141 1072 1226 respicit
1090 1149 1233 1226 partem:
1263 1141 1342 1229 quia

129 1242 292 1330 poculum
308 1241 473 1308 humanae
489 1229 618 1319 salutis,
639 1242 733 1328 quod
754 1245 943 1310 confectum
959 1259 1011 1310 est
1025 1244 1212 1310 infirmitate
1227 1253 1344 1312 nostra

130 1357 164 1412 at
184 1346 309 1412 virtute
332 1346 445 1414 divina
465 1345 569 1412 habet
590 1345 722 1433 quidem
746 1348 779 1412 in
800 1370 835 1412 se
857 1357 895 1412 ut
917 1348 1072 1414 omnibus
1095 1349 1212 1434 prosit,
1236 1347 1296 1414 sed
1313 1349 1341 1415 si

128 1472 200 1516 non
215 1449 351 1526 bibitur,
373 1471 443 1514 non
457 1447 674 1532 medetur¹).“

192 1551 347 1618 Ecclesia
361 1552 526 1640 gallicana
542 1563 679 1620 exarato
696 1551 1011 1620 Gotbeschalcanae
1032 1553 1212 1624 haereseos
1228 1575 1339 1620 errore

126 1656 355 1743 maximopere
370 1679 432 1743 per
446 1655 582 1744 longum
598 1657 759 1744 temporis
775 1657 919 1742 spatium
934 1657 1130 1743 perturbata
1145 1666 1206 1733 est,
1221 1657 1339 1722 animis

126 1759 206 1825 hinc
222 1758 302 1826 inde
318 1760 461 1848 agitatis,
479 1759 619 1846 partium
636 1760 759 1826 studiis
775 1761 898 1846 passim
911 1760 1046 1835 exortis,
1062 1759 1157 1826 libris
1177 1760 1219 1826 da
1236 1781 1338 1826 causa

125 1863 256 1929 ratione
278 1862 412 1928 diversa
431 1863 574 1949 scriptis.
618 1863 799 1950 Remigius,
822 1863 983 1928 eeclesiae
999 1862 1233 1950 Lugdunensis
1250 1864 1338 1950 epis·

126 1987 245 2054 copus,
261 1967 395 2031 nomine
410 1965 512 2052 hujus
528 1966 690 2032 ecclesiae
705 1965 826 2032 librum
838 1966 943 2032 edidit
954 1966 996 2032 de
1013 1967 1120 2032 tribus
1139 1966 1338 2054 epistolts²)‚

128 2069 171 2134 de
186 2067 339 2156 epistolis
354 2068 493 2146 scilicet,
508 2091 648 2157 quarum
664 2092 761 2137 unam
777 2070 976 2136 Hinemarus
992 2070 1164 2136 Remensis
1180 2071 1221 2136 ad
1238 2074 1336 2140 Arno·

128 2170 253 2248 lenem,
281 2180 528 2240 antecessorem
552 2172 705 2261 Remigii,
740 2173 876 2239 alteram
901 2173 1069 2240 Pardulus
1099 2173 1336 2262 Lugdunensis

128 2274 173 2341 ad
186 2273 390 2354 Amolonem,
412 2275 542 2342 tertiam
557 2275 717 2342 Rabanus
729 2277 950 2365 Mogontinus
971 2276 1014 2342 ad
1029 2276 1061 2342 N
1063 2277 1211 2364 otingum
1228 2277 1335 2344 Vero·

125 2401 261 2446 oensem
296 2379 386 2445 circa
421 2401 551 2446 errores
581 2379 823 2447 Gotbeschalci
852 2381 1042 2467 scripserat.
1107 2379 1235 2448 Eodem
1249 2369 1250 2374 ἵ
1266 2381 1334 2470 fere

122 2490 274 2570 tempore
290 2482 388 2548 etiam
403 2482 437 2548 in
453 2481 784 2569 synodoValentina,
801 2505 890 2550 anno
906 2484 979 2550 854.
995 2495 1053 2550 aut
1066 2483 1141 2554 855.
1157 2484 1334 2564 celebrata,

121 2586 313 2652 canonibus
330 2583 420 2666 VH)
437 2585 479 2650 de
494 2609 529 2651 re
546 2585 787 2653 Gotheschalei
802 2599 911 2654 actum
928 2598 988 2653 est.

185 2688 413 2768 Jansenistae,
436 2710 477 2754 eo
498 2690 608 2755 animo
631 2690 739 2768 ducti,
762 2701 800 2756 ut
821 2689 1154 2777 praedestinatianam
1171 2690 1333 2762 haeresim

119 2791 228 2858 fnisse
253 2793 417 2880 ipsosque
443 2815 482 2858 ea
508 2794 710 2859 constrictos
732 2817 807 2860 esse
829 2801 966 2881 negent,
988 2815 1092 2880 porro
1114 2794 1332 2873 contendunt,

121 2896 297 2962 ecclesiam
308 2895 568 2984 Lugdunensem
583 2896 668 2963 duce
680 2897 830 2986 Remigio
846 2898 881 2962 iu
895 2896 982 2963 libro
999 2895 1041 2962 de
1057 2896 1163 2978 tribus
1179 2897 1331 2983 epistolis

120 2999 228 3077 edito,
262 3022 324 3066 nec
354 3021 424 3065 non
448 2999 616 3089 synodum
637 2999 849 3066 Valentinam
875 3001 910 3068 in
936 3000 1163 3067 decisionibus
1189 3002 1231 3066 ab
1257 3001 1332 3087 ipsa

119 3103 221 3170 factis
243 3124 373 3169 errores
389 3102 631 3170 Gotbesehalci
651 3106 737 3170 tueri
753 3117 854 3192 atque
869 3103 1042 3170 doctrinae
1056 3125 1158 3170 sanae
1174 3104 1206 3168 in
1224 3104 1330 3170 tribus

119 3207 195 3272 istis
210 3206 364 3294 epistolis
380 3222 413 3272 et
427 3206 462 3272 in
474 3207 630 3294 capitulis
645 3202 825 3274 Carisiacis
847 3206 1015 3274 exhibitae
1031 3194 1211 3274 adversari.
1255 3208 1327 3284 Ast,

120 3311 151 3376 si
170 3309 287 3376 forsan
302 3309 468 3376 monacho
485 3311 607 3377 erranti
622 3311 764 3378 ecclesia
779 3311 1015 3400 Lugdunensis
1038 3333 1148 3377 errore
1170 3311 1248 3376 faeti
1271 3310 1328 3377 de·

120 3422 218 3501 cepta
238 3413 335 3479 nimis
356 3413 541 3493 indulserit,
565 3437 709 3482 errorem
727 3424 837 3482 tamen
858 3417 966 3503 ipsum
987 3413 1187 3480 amonacho
1203 3414 1329 3502 disper·

119 3539 193 3583 sum
214 3517 441 3584 strenuissime
462 3518 671 3604 reprobavit,
695 3519 880 3586 doctrinam
901 3541 981 3584 vero
1004 3527 1151 3604 quatuor
1172 3517 1328 3604 capitulis

119 3621 295 3688 Carisiacis
312 3629 503 3686 contentam
519 3621 612 3688 nullo
628 3622 729 3688 modo
744 3623 965 3710 impugnavit.

182 3724 287 3802 Nam,
324 3725 485 3812 primum,
524 3726 638 3813 quoad
667 3725 1004 3812 praedestinationem
1034 3723 1254 3812 reproborum
1283 3722 1327 3790 ad

116 3827 248 3906 malum,
264 3849 363 3914 quam
380 3827 650 3896 Gotheschalcus
660 3831 760 3917 juxta
775 3831 959 3907 Rabanum,
982 3829 1207 3906 Hincmarum,
1226 3829 1325 3894 Amo·

114 3933 241 4010 lonem,
275 3931 360 3997 elios
388 3934 568 4020 episcopos
594 3934 800 4020 synodorum
829 3933 1048 4021 Mogontinae
1077 3941 1111 4016 et
1140 3931 1325 3998 Carisiaeae

185 4220 208 4290 ¹)
220 4185 320 4285 'Kurra
338 4221 355 4274 l.
370 4239 391 4274 c.
404 4239 430 4294 p.
444 4223 512 4289 505,
530 4225 589 4281 506.
672 4257 676 4266 ·

181 4306 207 4376 ²)
226 4305 267 4359 De
285 4306 369 4360 tribus
387 4309 509 4380 epistolis
526 4310 601 4376 liber,
620 4309 692 4382 apud
704 4307 877 4382 biarrguinurn
890 4312 911 4364 1.
924 4309 949 4366 2.
965 4327 991 4382 p.
1004 4310 1045 4367 67.
1058 4326 1126 4382 sqq,
1145 4304 1215 4382 apud
1227 4303 1320 4373 Karta,

112 4394 128 4447 Ι.
142 4411 172 4496 ατ
181 4395 350 4550 didiiines
363 4479 409 4536 VI.
425 4482 535 4536 Concilii
549 4483 680 4538 Valentini
691 4484 738 4538 111.
752 4500 821 4536 anno
835 4485 894 4540 855.
912 4480 983 4554 apud
995 4481 1084 4537 Mansi
1096 4481 1171 4550 XV,
1186 4482 1207 4536 1.
1220 4499 1280 4559 sqq.
1293 4491 1320 4544 et

110 4567 182 4643 apud
194 4566 367 4638 Mauguinurn
381 4569 400 4622 Ι.
414 4572 437 4625 2.
451 4587 476 4640 q.
490 4573 549 4627 231.
563 4589 632 4642 sqq,
652 4569 722 4644 apud
734 4569 819 4624 Kurtz
832 4568 849 4623 1.
862 4588 893 4635 c,
912 4587 940 4644 p·
952 4571 1010 4630 506.
