3050 5046
566 377 570 382 .
688 307 889 406 *a*

182 513 216 580 in
232 512 338 579 libero
360 513 498 580 arbitrio
519 513 662 599 positam
678 534 762 588 esse,
786 511 951 578 hominem
969 533 1027 597 per
1042 515 1214 598 peccatum
1232 511 1394 599 originale

182 615 363 682 admissum
383 616 543 703 justitiam
558 617 752 705 originalem
768 618 928 692 amisisse,
952 616 1019 681 hoc
1033 617 1144 702 ipsum
1162 639 1220 702 per
1235 615 1392 683 delictum

180 718 377 784 deteriorem
394 719 559 784 redditum
576 742 660 798 esse,
683 721 728 786 ita
751 721 897 786 vitiatam
915 729 1074 795 naturam,
1099 731 1136 784 ut
1158 719 1258 784 homo
1275 719 1394 804 lapsus

181 831 308 908 partem
329 822 538 889 essentialem
558 824 714 900 amiserit,
737 825 897 910 abjecerit
912 824 998 887 sicut
1013 823 1177 890 rationem
1192 824 1240 888 ita
1253 823 1392 888 liberta-

181 935 247 992 tem
262 947 355 990 suam
372 925 565 1002 naturalem,
588 926 772 1013 perdiderit
791 947 933 1013 prorsus
948 925 1087 990 liberum
1103 926 1284 1002 arbitrium,
1308 925 1394 990 nihil

181 1029 302 1116 integri
317 1029 499 1104 retinuerit,
515 1031 667 1115 potentia
682 1031 801 1115 agendi
818 1051 922 1116 seque
938 1028 1190 1104 determinandi,
1207 1027 1251 1094 ad
1268 1029 1392 1095 bonum

182 1131 236 1197 vel
258 1129 378 1196 malum
400 1132 624 1217 appetendum
647 1133 903 1210 memorandi,
927 1133 1077 1218 potentia
1093 1131 1182 1197 omni
1198 1143 1231 1196 et
1245 1131 1395 1198 intellec·

181 1243 236 1302 tus
258 1243 291 1300 et
307 1233 490 1300 voluntatis
511 1234 693 1301 destitutus
710 1237 762 1311 sit,
786 1235 880 1302 velut
898 1245 1047 1310 truncus,
1069 1234 1166 1321 lapis,
1187 1235 1267 1300 salis
1283 1245 1398 1300 statua

174 1339 305 1426 jacens,
327 1338 375 1404 ita
396 1347 434 1403 ut
456 1339 664 1404 naturalibus
686 1340 812 1404 viribus
836 1338 918 1404 nihil
940 1339 1089 1404 veritatis
1112 1337 1289 1425 religiosae
1313 1359 1396 1426 cog-

182 1463 333 1517 noscere,
356 1464 398 1506 ne
419 1441 588 1508 moraliter
607 1442 751 1508 honesta
767 1440 901 1530 quidem
924 1443 1054 1528 operari
1072 1441 1190 1524 valeat,
1213 1441 1290 1516 imo,
1315 1463 1396 1507 con-

182 1544 389 1632 cupiscentia
404 1545 619 1610 substantiali
635 1545 670 1610 in
684 1544 794 1610 locum
808 1545 1040 1610 substantialis
1050 1545 1203 1630 justitiae
1220 1555 1253 1610 et
1269 1544 1395 1610 sancti·

182 1647 262 1714 tatis
284 1647 484 1726 substituta,
512 1670 599 1735 quae
621 1649 895 1735 concupiscentia
917 1650 990 1732 ipsa
1015 1655 1186 1732 peceatum
1211 1669 1325 1715 verum
1350 1647 1398 1714 sit

183 1771 299 1817 omnes
321 1749 488 1832 homines,
517 1753 667 1818 actiones
687 1751 838 1816 inficiens
862 1761 895 1816 et
916 1751 1055 1818 totidem
1078 1759 1216 1835 peccata
1238 1749 1397 1828 reddens,

182 1874 285 1940 opera
307 1852 452 1918 hominis
472 1855 600 1933 omnia,
617 1865 718 1940 prout
733 1856 805 1920 sine
819 1855 925 1941 gratia
941 1862 1085 1940 peracta,
1110 1862 1258 1939 paccata,
1283 1853 1396 1940 philo-

174 1955 367 2043 sophorum
390 1955 532 2023 virtutes
554 1959 650 2039 vitia,
679 1959 761 2046 quin
784 1959 897 2044 potius
921 1957 1017 2022 deum
1040 1965 1208 2022 auctorem
1231 1955 1396 2020 malorum

180 2081 286 2146 aequa
300 2081 341 2128 ,ae
357 2060 520 2126 bonorum
538 2083 676 2148 operum
692 2083 775 2128 esse.
806 2061 908 2126 Juxta
926 2060 1088 2146 principia
1104 2059 1268 2145 ejusmodi
1285 2069 1396 2142 ryste-
1414 2115 1419 2122 .

180 2161 277 2230 matis
299 2161 400 2228 homo
423 2165 597 2248 cooperari
619 2187 692 2229 eum
714 2164 819 2250 gratia
840 2163 1000 2228 divinitus
1022 2163 1100 2228 data
1121 2183 1188 2226 non
1205 2171 1329 2248 potest,
1354 2183 1395 2226 eo

180 2264 317 2340 vadens,
334 2287 404 2352 quo
420 2274 477 2330 aut
493 2266 587 2342 deus,
603 2276 662 2334 aut
676 2276 812 2332 satanas
828 2266 941 2346 trahit,
961 2265 1134 2330 beatitudo
1151 2287 1219 2330 non
1236 2288 1277 2330 ex
1294 2265 1395 2331 bonis

182 2369 353 2454 operibus,
370 2369 487 2434 sodex
503 2370 556 2434 dei
571 2369 887 2456 praedestinatione,
904 2368 1139 2434 condemnatio
1156 2389 1225 2432 non
1240 2390 1282 2434 ex
1298 2367 1396 2434 malis

181 2471 350 2558 operibus,
375 2471 435 2538 sed
451 2495 488 2538 ex
504 2473 556 2538 dei
572 2473 811 2559 reprobatione
827 2474 1029 2540 tribuuntur.

228 2572 376 2656 ,Quare
406 2584 606 2653 statuamus,
630 2577 796 2664 justitiam
825 2598 893 2642 non
922 2576 1029 2642 fuisse
1059 2574 1227 2662 quoddam
1254 2573 1393 2648 donum,

179 2677 273 2766 quod
289 2679 331 2742 ab
347 2687 442 2744 extra
457 2679 641 2758 accederet,
657 2689 846 2766 separatum
862 2701 882 2743 a
898 2687 1017 2744 natura
1032 2677 1186 2753 bominis,
1211 2676 1271 2742 sed
1286 2676 1393 2742 fuisse

179 2803 256 2851 vero
269 2781 438 2857 naturale,
460 2791 499 2848 ut
520 2792 639 2850 natura
653 2783 745 2850 Adae
767 2791 856 2850 esset
877 2782 1014 2869 diligere
1030 2781 1137 2856 deum,
1162 2780 1298 2846 credere
1315 2780 1389 2855 deo,

178 2906 384 2972 cognoscere
410 2884 525 2964 deum3
559 2886 643 2952 haec
669 2895 734 2951 tam
759 2885 924 2954 naturalia
944 2885 1037 2950 fuere
1058 2885 1092 2948 in
1114 2883 1259 2959 Adamo,
1294 2905 1391 2971 quarn

178 2987 330 3056 naturale
341 2996 406 3067 est,
423 2989 516 3075 quod
532 2989 621 3056 oculi
638 2989 748 3054 lumen
760 2989 935 3075 recipiunt.
952 3025 993 3037 —-
1009 2986 1213 3075 Originalem
1224 2987 1389 3073 justitiam

178 3090 320 3158 esseda
347 3101 465 3158 natura
491 3092 651 3158 bominis:
685 3115 723 3157 ea
749 3101 859 3158 autem
885 3092 1007 3156 amissa
1033 3113 1092 3178 per
1117 3101 1293 3178 peccatum
1321 3112 1390 3156 non

177 3195 321 3262 monisse
347 3194 523 3282 integram,
552 3207 591 3260 ut
616 3195 811 3262 scholastici
832 3193 1045 3274 delirant1).“
1091 3193 1250 3260 Calvinus
1273 3192 1389 3258 docet:

178 3297 277 3376 „Non
289 3297 335 3363 ita
350 3298 533 3364 naturalem
549 3321 624 3363 osse
640 3298 766 3362 homini
775 3298 939 3384 justitiam
955 3297 1158 3386 originalem,
1176 3319 1275 3385 quam
1292 3306 1390 3369 natu-

176 3401 247 3468 rale
269 3410 321 3466 est
343 3401 460 3477 oculo,
484 3411 521 3467 ut
542 3402 652 3470 lumen
673 3401 852 3488 pereipiat;
882 3400 1040 3488 denegari
1061 3411 1171 3468 tamen
1193 3422 1261 3466 non
1279 3409 1391 3486 potest

178 3504 250 3570 sine
269 3503 450 3590 injustitia,
479 3505 685 3591 aliarumque
706 3503 995 3588 imperfectionum
1016 3503 1168 3584 notatu
1214 3503 1389 3579 „Liberum

178 3607 349 3674 arbitrium
372 3615 451 3693 post
473 3617 646 3694 peccatum
670 3620 722 3672 est
746 3629 800 3672 res
825 3607 867 3672 de
893 3607 969 3673 solo
997 3607 1097 3672 titulo
1127 3615 1160 3672 et
1188 3605 1268 3672 dum
1297 3605 1390 3683 facit,

178 3709 295 3800 quoad
315 3711 349 3776 in
372 3731 408 3776 se
429 3719 495 3785 est,
519 3719 638 3796 peccat
658 3709 850 3776 mortaliter.
896 3708 992 3776 Unde
1008 3731 1076 3776 non
1093 3718 1144 3776 est
1159 3709 1312 3786 dubium,
1337 3731 1389 3774 sa-

177 3823 257 3880 tana
271 3813 441 3901 magistro,
456 3813 489 3878 in
506 3813 679 3878 ecclesiam
694 3814 828 3878 venisse
844 3813 910 3880 hoc
925 3835 1046 3882 nomen
1063 3813 1202 3880 liberum
1219 3811 1390 3880 arbitrium

179 3917 222 3984 ad
237 3916 450 3984 seducendos
462 3915 615 3981 homines
631 3937 650 3980 a
665 3916 720 3982 via
735 3916 788 3982 dei
803 3917 837 3990 in
853 3917 924 3984 vias
941 3939 1020 3982 suas
1037 3917 1189 4002 proprias
1200 3914 1264 3997 Ψ

243 4020 319 4098 „Sic
340 4019 486 4084 humana
500 4018 658 4083 voluntas
680 4020 713 4082 in
734 4019 842 4084 medio
861 4021 970 4105 posita
985 4029 1046 4094 est,
1070 4042 1132 4086 ceu
1141 4019 1339 4106 jumentum,
1363 4019 1392 4083 si

72 4150 74 4156 ·
177 4124 339 4191 insederit
353 4122 446 4200 deus,
463 4121 536 4188 vult
552 4133 585 4188 et
596 4121 698 4198 vadit,
715 4142 783 4209 quo
801 4122 874 4188 vult
889 4123 982 4188 deus.
998 4159 1041 4172 —
1055 4122 1091 4188 Si
1102 4121 1262 4187 insederit
1274 4119 1389 4200 Satan,

180 4331 382 4343 —-——

253 4467 276 4530 ¹)
294 4463 371 4519 Lntlr.
385 4462 533 4517 Commeat.
548 4463 582 4516 ad
593 4481 653 4536 gen.
687 4464 714 4535 ὓ)
732 4463 848 4518 institut.

247 4550 271 4622 ⁸)
287 4548 364 4604 Luth.
378 4551 483 4604 Assert.
497 4557 546 4603 art
559 4553 602 4607 36.
