3050 5046
764 291 807 364 78

686 384 779 390 ---.
786 382 807 390 Α.

181 514 270 580 spes,
293 516 380 582 quae
401 495 541 571 videtur,
565 517 632 562 nou
654 505 706 562 est
726 518 814 583 spes,
838 497 935 562 etiam
956 498 1023 565 hoc
1038 501 1204 589 mysteriis
1220 502 1393 589 applicent

181 598 315 676 dictum,
339 607 373 664 et
388 596 515 676 dicant,
540 621 580 664 ra
600 621 686 686 quae
713 600 952 686 percipiuntur,
977 601 1131 670 videntur
1152 605 1284 692 quidem
1307 627 1392 685 esse,

182 701 331 768 sednon
353 710 441 770 sunt.
489 701 626 778 Dicunt,
658 703 735 789 plus
758 703 869 769 obfuit
889 705 932 770 ad
952 707 1140 774 nocendum
1157 708 1261 774 Adam
1278 711 1393 798 generi

179 805 342 881 hnmano,
376 825 474 891 quam
492 805 661 887 Christus,
691 807 725 872 in
742 807 983 877 subveniendo.
1028 809 1128 886 Nam,
1156 812 1266 898 ajunt,
1298 813 1392 901 quod

182 909 311 983 nocuit,
341 907 387 972 ita
410 920 534 984 manet,
562 917 601 974 ut
620 907 687 974 hoc
709 932 770 976 nec
793 911 907 997 passio
930 911 1070 989 Christi,
1099 935 1161 979 nec
1183 915 1392 1001 baptismatis

182 1010 401 1078 sanctificatio
427 1012 538 1097 possit
563 1010 703 1082 auferre.
748 1012 993 1080 Damnabilitas
1017 1017 1089 1104 ejus
1111 1016 1228 1101 (libelli
1251 1040 1271 1084 a
1291 1019 1390 1084 Prae·
1505 1029 1506 1060 r

183 1113 415 1182 destinationis
442 1115 571 1200 scripti)
599 1136 639 1180 eo
669 1137 775 1203 usque
801 1119 969 1204 pervenit,
997 1129 1036 1186 ut
1056 1121 1213 1186 universa
1234 1123 1393 1210 mysteria

121 1269 125 1275 .
182 1218 368 1284 Salvatoris
399 1225 546 1284 evacuet.
606 1218 695 1285 Dicit
724 1219 925 1306 baptismum
957 1221 1082 1288 Christi
1112 1222 1256 1290 fructum
1286 1224 1390 1290 ullum

182 1322 325 1408 penitus,
349 1319 426 1386 dum
443 1319 595 1399 traditur,
618 1342 686 1387 non
707 1321 840 1391 habere,
885 1323 982 1411 Spes,
1005 1325 1124 1414 inquit,
1147 1349 1233 1414 quae
1249 1327 1393 1404 videtur,

181 1446 249 1490 non
272 1432 325 1490 est
345 1443 435 1510 spes,
458 1423 491 1488 id
513 1433 575 1500 est,
597 1425 748 1492 remissio
764 1436 995 1513 peccatorum3
1019 1439 1053 1496 et
1066 1430 1232 1518 quidquid
1246 1431 1280 1496 in
1297 1451 1392 1518 prae-

181 1528 268 1598 senti
281 1527 498 1614 promittitur,
514 1548 583 1592 non
599 1536 660 1606 est,
684 1529 763 1616 quie
778 1531 811 1594 in
828 1529 942 1598 futuro
958 1542 1120 1612 servatur,
1143 1533 1198 1600 hic
1214 1544 1336 1612 tamen,
1358 1533 1393 1600 id

181 1640 232 1698 est
247 1631 281 1698 in
296 1629 362 1697 hoc
378 1629 513 1709 muud0,
537 1652 606 1696 non
622 1631 816 1718 accipitur.“

244 1734 360 1802 Multis
396 1735 669 1800 contentionibus
699 1735 826 1801 exortis
855 1744 957 1822 atque
986 1737 1199 1823 compositis,
1238 1739 1393 1825 synodus

180 1838 286 1906 altera
307 1836 561 1915 Curisiacensis,
585 1838 613 1903 si
635 1837 812 1902 annalibus
831 1837 1034 1906 Bertinianis
1056 1839 1097 1906 ad
1120 1862 1241 1906 annum
1261 1842 1333 1908 853.
1360 1853 1395 1908 et

180 1943 341 2010 historiae
368 1941 615 2008 ecclesiasticae
635 1963 655 2005 a
675 1939 857 2025 Kurtaio²t
884 1944 1102 2010 concinnatae
1123 1943 1206 2010 fides
1227 1944 1394 2022 habenda,
1507 1919 1508 1948 i

182 2067 271 2112 anno
292 2045 365 2112 853.
387 2044 553 2111 celebrata
576 2055 642 2122 est,
666 2066 733 2132 qua
756 2055 901 2132 quatuor
917 2047 1074 2132 capitulis
1090 2046 1282 2129 Carisiacis‚
1306 2069 1395 2135 quae

182 2158 355 2226 vocantur,
379 2147 528 2216 haeresis
550 2149 708 2235 opposita
722 2148 828 2214 relata
844 2170 883 2215 ac
899 2149 1056 2216 damnata
1070 2149 1201 2238 legitur,
1221 2151 1289 2216 hisi
1305 2145 1394 2217 forte

182 2262 328 2342 quatuor
343 2251 491 2339 capitula
505 2253 539 2316 in
554 2252 666 2338 priore
682 2251 815 2338 synodo
833 2263 969 2319 exarata
983 2252 1116 2320 fuerint.

245 2356 331 2424 Sunt
352 2365 462 2422 autem
484 2355 631 2441 capitula
650 2355 709 2420 IV.
726 2355 989 2442 Carisiaceusia,
1005 2356 1130 2444 quibus
1151 2357 1392 2430 manifestatur,
1508 2429 1509 2434 γ

181 2463 240 2552 qui
252 2459 633 2548 praedestinatianorum
654 2478 747 2524 error
767 2458 875 2535 fuerit,
899 2458 997 2525 haec:
1029 2459 1084 2536 „C.
1105 2461 1147 2529 l.:
1179 2461 1270 2526 Deus
1287 2459 1394 2524 omni·

182 2577 303 2654 potens
328 2563 497 2630 hominem
523 2563 595 2628 sine
615 2569 758 2648 peccato
780 2572 907 2627 rectum
928 2585 1000 2628 cum
1023 2563 1129 2628 libero
1152 2563 1288 2630 arbitrio
1311 2583 1393 2630 cou-
1509 2601 1510 2610 ι

182 2669 281 2746 didit,
310 2667 398 2734 etin
418 2665 576 2753 paradiso
604 2665 734 2752 posuit,
764 2688 862 2752 quem
888 2666 920 2730 in
950 2666 1127 2732 sanctitate
1141 2667 1295 2753 justitiae
1315 2687 1392 2752 per·

181 2793 314 2839 manere
340 2770 458 2838 voluit.
502 2769 613 2834 Homo
639 2768 745 2834 libero
776 2769 914 2834 arbitrio
944 2769 1029 2834 male
1055 2779 1153 2834 utens
1179 2769 1334 2856 peccavit
1360 2777 1394 2834 et

161 2874 304 2944 'cecidit
331 2882 364 2940 et
390 2872 500 2948 factus
528 2881 580 2938 est
604 2893 713 2936 massa
739 2872 939 2959 perditionis
965 2873 1069 2938 totius
1098 2872 1231 2938 humani
1252 2871 1391 2960 generis.

181 2982 273 3047 Deus
296 2991 404 3044 autem
427 2977 536 3042 bonus
558 2985 592 3041 et
606 2976 721 3063 justus
744 2975 843 3063 elegit
865 2999 905 3040 ex
929 2975 1041 3040 eadem
1058 2997 1167 3040 massa
1182 2974 1392 3062 perditionis,

182 3082 365 3152 secundum
387 3080 640 3167 praescientiam
662 3100 766 3153 suam,
790 3100 878 3166 qnos
899 3101 959 3165 per
977 3078 1115 3166 gratiam
1132 3078 1393 3166 praedestinavit

182 3187 341 3254 advitam
363 3193 397 3250 ct
418 3183 518 3248 vitam
539 3181 605 3246 illis
621 3181 885 3268 praedestinavit
899 3191 1081 3258 aeternam,
1106 3191 1257 3248 caeteros
1272 3192 1391 3256 autem,

183 3311 271 3379 quos
291 3287 443 3376 justitiae
463 3285 594 3373 judicio
622 3287 654 3350 in
681 3306 790 3350 massa
817 3283 1014 3370 perditionis
1039 3284 1190 3372 reliquit,
1225 3285 1392 3374 perituros

182 3392 378 3485 praescivit,
403 3389 553 3456 sednon
575 3397 613 3454 ut
633 3388 796 3475 perirent,
826 3385 1101 3474 praedestinavit:
1126 3409 1266 3474 poenam
1282 3398 1392 3454 autern

181 3498 259 3580 illis,
282 3497 362 3584 quia
376 3493 492 3580 justus
514 3503 575 3569 est,
599 3490 859 3578 praedestinavit
879 3499 1056 3556 aeternam.
1074 3539 1105 3556 ..
1150 3489 1186 3556 C.
1203 3491 1247 3556 2.:
1277 3490 1391 3556 Liber·

185 3610 285 3668 tatem
306 3597 432 3664 arbitrii
448 3597 481 3662 iu
498 3597 603 3682 primo
621 3595 755 3660 homine
776 3591 992 3681 perdidimus,
1027 3615 1124 3682 qnam
1149 3617 1208 3680 per
1224 3593 1391 3660 Christum

183 3703 362 3772 Dominum
385 3708 535 3768 nostrum
557 3699 752 3785 recepimus,
776 3704 808 3762 et
828 3695 989 3762 habemus
1009 3696 1146 3762 liberum
1164 3696 1333 3762 arbitrium
1349 3696 1392 3762 ad

184 3809 326 3884 bouum,
348 3811 566 3892 praeventum
582 3811 615 3868 et
630 3801 778 3888 adjutum
795 3798 916 3887 gratia,
941 3814 975 3865 et
995 3798 1157 3864 habemus
1177 3799 1318 3865 liberum
1340 3822 1390 3866 ar·

185 3911 316 3980 bitrium
338 3907 380 3974 ad
402 3907 532 3982 malum,
556 3905 723 3972 desertum
739 3903 853 3992 gratia.
871 3957 903 3970 ..
949 3903 983 3968 C.
1001 3903 1046 3968 3.:
1070 3903 1162 3968 Deus
1179 3903 1391 3990 omnipotens

185 4035 300 4082 omnes
315 4011 467 4078 homines
484 4011 556 4075 sine
572 4008 769 4094 exceptione
785 4007 858 4072 vult
873 4006 988 4071 salvos
1004 4007 1083 4080 fieri,
1099 4006 1178 4071 licet
1192 4029 1260 4072 non
1277 4028 1391 4072 omnes

184 4119 365 4192 salventur.
404 4112 505 4194 Quod
522 4122 630 4178 autem
647 4111 782 4198 quidam
798 4109 980 4185 salvantur,
1004 4109 1166 4174 salvantis
1183 4121 1234 4175 est
1250 4110 1390 4184 donum;

185 4222 280 4314 quod,
304 4227 410 4287 autem
439 4216 572 4304 quidam
600 4220 756 4302 pereunt,
785 4213 994 4300 pereuntium
1018 4221 1069 4277 cst
1089 4213 1248 4278 meritum.
1293 4213 1327 4280 C.
1344 4213 1389 4278 th:

188 4378 384 4392 »rw-..aa-

258 4463 281 4530 ῐ)
300 4459 381 4532 Apud
394 4457 526 4517 Sit-mond.
539 4455 616 4516 Tom.
634 4461 654 4514 l.
668 4474 694 4531 p.
708 4459 776 4522 507,
795 4456 838 4511 tib,
853 4457 872 4511 l.
888 4463 914 4510 et
926 4458 984 4516 560.
998 4453 1040 4510 lib.
1053 4459 1077 4514 3.
1092 4455 1194 4510 haeres.
1208 4458 1249 4514 90.
1263 4455 1295 4509 de
1309 4451 1390 4508 Prae,

187 4545 381 4617 destinationis,
399 4566 441 4624 ap.
455 4545 557 4602 Τοιιιιι.
593 4548 619 4620 ²)
639 4544 731 4602 llurlz.
750 4545 765 4598 l.
780 4563 801 4597 c.
