3050 5046
634 299 834 397 L

195 506 406 574 Valentinum
424 525 527 591 porro
550 503 714 589 synodum
732 524 820 568 anno
836 501 908 568 854.
925 503 1110 587 ve1.855.¹)
1133 527 1174 570 ex
1190 504 1340 592 patribus
1378 561 1379 564 ,

128 613 229 678 trium
265 609 512 696 provinciarum
540 606 733 694 gallicarum
771 615 922 671 coactam
959 597 1154 674 conceditur
1196 609 1342 696 capitula

130 713 374 782 carisiacensia
395 711 538 799 quadam
561 710 701 790 ratione,
724 711 840 798 potius
853 731 934 775 vero
951 732 1080 776 errores
1093 711 1235 777 Joannis
1250 711 1345 777 Scoti

128 815 329 904 Erigeuae2)
352 813 636 880 Gotheschalcum
658 812 916 878 adhortantibus
938 813 1118 880 Hiucmaro
1143 824 1176 880 et
1196 813 1343 880 Pardnlo

130 921 282 1009 aggressi
304 917 570 1006 impugnavisse,
593 915 758 980 Hebboue
779 915 939 1001 imprimis
954 916 1125 982 Hincmari
1145 918 1278 984 inimico
1293 918 1344 983 in·

131 1025 288 1111 stigaute,
311 1045 422 1109 neque
436 1030 545 1086 tamen
562 1017 767 1094 conceditur,
790 1019 888 1084 istam
904 1019 1072 1105 synodum
1087 1021 1246 1087 evertisse
1261 1020 1343 1086 doo-

133 1127 254 1193 triuam
270 1124 426 1211 capitulis
443 1121 618 1189 Carisiacis
635 1130 835 1188 contentam.
873 1121 990 1188 Patres
1006 1125 1091 1189 euim
1107 1125 1229 1209 synodi
1244 1124 1347 1212 hujus

133 1251 225 1295 auno
255 1229 326 1294 859.
358 1226 401 1291 ad
432 1226 599 1314 synodum
625 1225 819 1292 Tullensem
850 1227 986 1311 primam
1024 1227 1114 1313 apud
1151 1227 1347 1314 saponarias

134 1329 427 1418 (Savonuieres)³j
457 1339 491 1394 et
519 1328 765 1416 Lingonensem
795 1328 970 1416 (Langres)
1000 1353 1040 1394 ex
1061 1330 1239 1396 duodecim
1268 1351 1347 1416 pro·

134 1435 255 1502 vinciis
277 1435 381 1500 totius
399 1432 492 1520 regni
510 1432 648 1518 integris
671 1432 865 1520 congregati
886 1433 1056 1498 valentina
1077 1432 1211 1499 decreta
1226 1433 1350 1520 proba-

135 1546 260 1604 verunt
282 1537 426 1624 quidem,
450 1534 510 1600 sed
531 1555 571 1600 eo
588 1536 697 1600 animo
714 1547 816 1621 atque
832 1536 986 1616 consilio,
1011 1551 1047 1602 ut
1063 1537 1240 1602 concilium
1257 1537 1349 1603 Cari-

136 1643 264 1706 siacum
296 1661 317 1704 a
342 1648 442 1704 uotae
473 1639 657 1724 opprobrio
687 1637 928 1716 vindicaretur,
967 1662 1034 1726 pax
1063 1650 1096 1706 et
1125 1639 1350 1728 tranquillitas

135 1751 406 1830 recuperaretur,
435 1763 521 1828 quae
547 1741 720 1807 doctrinae
748 1763 849 1807 sanae
876 1743 1011 1808 saniora
1032 1752 1161 1826 essent,
1190 1743 1351 1809 concordi

136 1847 354 1914 unanimitate
378 1867 396 1910 a
418 1845 571 1930 patribus
593 1845 859 1911 decernerentur.
905 1846 1042 1912 Factum
1058 1847 1091 1913 id
1108 1857 1159 1912 est
1174 1869 1262 1912 anuo
1279 1845 1352 1912 860.

139 1953 174 2016 in
195 1949 340 2016 concilio
370 1948 519 2014 secundo
542 1941 693 2014 Tullensi
723 1948 813 2034 apud
834 1949 1031 2028 Tnsiaeum,
1055 1972 1123 2038 quo
1146 1950 1354 2015 concinatam

142 2053 297 2141 capitulis
314 2052 489 2118 Curisiacis
505 2051 690 2117 doctrinam
709 2051 934 2117 confirmatam
951 2075 1026 2118 esse
1040 2051 1199 2140 liquet4).

209 2155 478 2222 Gotheschalcus
503 2155 539 2220 in
569 2176 701 2220 carcere
726 2155 812 2220 diem
839 2178 1028 2243 supremum
1056 2159 1140 2224 obiit
1167 2176 1256 2223 enno
1282 2153 1355 2221 868.

145 2260 242 2339 (869.)
267 2259 319 2324 vel
344 2257 451 2340 870.⁶)
476 2279 588 2324 errore
616 2279 678 2323 suo
701 2259 914 2345 pertinaciter
935 2261 1132 2342 obstrictus,
1156 2268 1265 2326 mente
1286 2257 1356 2323 fere

145 2364 190 2428 ob
202 2362 350 2428 haeresis
362 2361 518 2426 malitiam
530 2371 666 2447 eaptus3
683 2371 776 2428 extra
788 2365 979 2429 monasterii
991 2387 1103 2430 muros
1115 2365 1149 2430 in
1163 2364 1243 2430 ,loco
1259 2381 1355 2448 sepa-

141 2477 216 2533 rato
247 2465 318 2530 siue
349 2465 608 2530 ceremoniarum
639 2465 732 2532 cultu
753 2466 929 2553 sepelitus:
959 2469 1062 2546 „Cum
1083 2470 1152 2556 jam
1180 2467 1257 2532 finis
1283 2465 1356 2553 ojus

142 2569 442 2656 appropinquaret,
464 2567 635 2649 fratribus,
659 2569 717 2656 qui
739 2569 886 2646 aderaut,
911 2579 984 2636 uta
1006 2569 1111 2657 pravo
1128 2591 1191 2635 suo
1208 2590 1308 2634 sensu
1326 2573 1359 2632 et

142 2694 303 2762 perversa
325 2672 490 2738 sententia
511 2694 547 2736 se
568 2681 752 2749 revocaret,
776 2683 809 2738 et
831 2673 1102 2739 Communiouem
1129 2693 1256 2738 sacram
1284 2691 1358 2756 per-

143 2777 282 2863 ciperet,
299 2774 520 2840 suadentibus
535 2775 722 2860 respondit‚
739 2797 758 2839 a
774 2797 836 2841 suo
853 2799 889 2841 se
905 2799 1017 2855 sensu,
1034 2786 1066 2844 et
1082 2776 1247 2842 sententia
1260 2795 1359 2839 revo-

144 2901 238 2955 care,
271 2886 305 2943 ot
331 2879 596 2944 communionem
626 2900 686 2964 per
711 2880 942 2944 auctoritatem
972 2902 1040 2946 non
1071 2901 1173 2966 posse
1198 2877 1360 2963 accipere.

145 2983 204 3047 Sic
231 3003 297 3067 que
322 2981 491 3069 indiguam
518 2983 618 3047 vitain
641 2982 743 3069 digna
768 2993 875 3048 morte
892 2983 1008 3062 finivit,
1039 2992 1072 3049 et
1091 2983 1174 3048 abiit
1192 2982 1226 3046 in
1248 2980 1359 3046 locum

146 3083 312 3170 suum⁶>.“

146 3325 347 3338 *numam

220 3477 231 3516 ι

217 3477 243 3634 00
260 3472 530 3633 Idlpitd’diaiiguinrim
542 3562 572 3629 1,
586 3566 609 3618 1.
621 3581 647 3633 p.
663 3564 719 3619 100.
733 3579 802 3632 sqq,
821 3561 892 3634 apud
904 3561 998 3627 Kurtz,
1016 3561 1032 3614 Ι.
1052 3579 1074 3614 c.
1087 3579 1113 3632 p.
1125 3563 1185 3619 503.
1198 3589 1230 3604 ·-
1243 3561 1361 3615 Secutus

147 3647 264 3721 Erigone
274 3648 417 3713 contendit,
429 3647 458 3701 C.
471 3651 550 3704 lan:
563 3648 709 3715 „Eurorum
720 3649 808 3720 itaque
818 3650 1001 3702 saevissimum
1012 3665 1111 3714 eornm,
1125 3648 1169 3718 qui
1175 3648 1361 3702 venerabilium

147 3735 267 3803 Petrum,
286 3736 450 3805 maximeque
473 3734 501 3789 S.
516 3735 660 3807 Augustini
681 3737 826 3790 sententias
849 3735 971 3800 confuse,
995 3753 1089 3806 anper
1105 3733 1156 3787 hoc
1173 3733 1309 3788 mortifere
1327 3734 1361 3787 ad

148 3841 226 3876 suurn
244 3821 433 3894 pravissimum
452 3841 561 3876 sensum
579 3823 704 3894 redigunt
716 3841 749 3877 ex
762 3823 862 3876 utilium
875 3822 1070 3893 disciplinarum
1083 3861 1090 3874 .
1104 3862 1110 3875 .
1122 3862 1130 3880 ,
1143 3821 1293 3892 ignorantia
1304 3838 1361 3875 ore-

148 3908 260 3963 diderim
274 3908 424 3981 sumpsisse
437 3909 592 3980 primordia,
610 3909 720 3980 iusuper
732 3910 810 3963 etiam
824 3927 856 3963 ex
869 3926 1025 3980 graecarum
1039 3907 1185 3962 litterarum
1197 3907 1328 3962 inscitia.“

218 3998 241 4066 ³)
260 3996 394 4050 Vorstadt
406 4015 457 4049 von
470 3996 549 4062 Toul‚
568 3995 662 4062 Karta,
680 3995 697 4048 Ι.
710 4013 732 4050 c.

217 4084 243 4152 ⁴)
262 4081 408 4154 Touruely‚
427 4083 442 4135 1.
458 4101 479 4135 c.
793 4071 800 4080 ”

218 4170 242 4239 ⁶)
261 4168 504 4235 Ketzer-Lexikou,
522 4168 538 4222 l.
552 4187 574 4226 c.

217 4257 242 4324 θ)
261 4255 434 4323 Hincmarua,
461 4256 506 4310 lib.
529 4255 636 4309 deuon
658 4254 727 4307 trina
747 4252 858 4320 deitate,
886 4269 970 4324 opera
986 4251 1088 4306 Hincm.
1106 4251 1139 4306 T.
1158 4254 1194 4318 1.,
1213 4266 1275 4322 pag.
1288 4253 1357 4318 555,

147 4341 219 4414 apud
231 4341 357 4396 Tournel.
