3084 5056
754 368 791 437 21

170 575 369 641 contrariam
406 569 683 662 propugnaret¹).
744 573 833 640 Satis
862 579 971 639 autem
1001 571 1180 650 intellexit,
1211 562 1247 639 id
1276 571 1371 661 quod

169 685 283 765 aperte
305 678 398 756 dixit,
421 679 616 756 doctrinam,
640 701 738 766 quam
755 686 913 764 tanquam
928 677 1094 764 propriam
1112 676 1287 766 Augustini
1302 685 1370 744 tra·

169 783 298 848 diturus
315 789 412 858 esset,
435 804 534 869 quam
552 791 661 846 tamen
676 781 781 847 literis
797 781 953 845 mandare
969 802 1037 845 non
1054 780 1199 856 auderet,
1217 780 1371 846 omnibus

169 895 339 972 stuporem
354 884 578 964 incussuram;
602 885 700 950 sicuti
715 883 864 949 divinare
878 883 1037 970 permisit,
1059 882 1256 948 Jansonium
1271 883 1370 948 disci-

168 988 282 1075 pulum
298 988 380 1074 Baji,
397 987 515 1053 oculos
532 1010 696 1076 auresque
711 987 777 1073 ipsi
793 988 973 1072 aperuisse,
988 997 1026 1051 ut
1041 1009 1154 1051 verum
1169 992 1371 1074 scriptorum

168 1091 449 1178 Augustianorum
484 1113 616 1156 sensum
651 1091 858 1178 perspiceret
886 1113 925 1154 ac
956 1088 1191 1176 penetraret²t
1235 1090 1370 1156 Summo

167 1217 278 1260 amore
308 1203 408 1280 atque
438 1194 604 1260 desiderio
635 1195 668 1259 S.
699 1193 829 1258 Patrem
860 1193 1032 1280 amplexus
1062 1195 1166 1281 magis
1196 1194 1370 1282 magisque

166 1298 292 1374 dilexit,
316 1298 458 1362 animum
479 1298 717 1386 ingeniumque
739 1307 773 1362 et
795 1296 1002 1363 altitudinem
1027 1297 1210 1383 sapientiae
1231 1299 1370 1363 miratus

166 1399 280 1466 studio
302 1400 334 1464 in
355 1401 426 1465 dies
446 1401 564 1489 majori
586 1423 622 1466 se
644 1400 745 1477 dedit,
769 1400 952 1464 doctrinam
974 1401 1091 1487 paucis
1108 1409 1141 1466 et
1156 1401 1208 1466 sui
1225 1409 1258 1466 et
1273 1423 1370 1487 prae·

167 1505 338 1570 teritorum
351 1503 561 1569 saeculorum
576 1504 764 1568 hominibus
777 1510 890 1568 notam
902 1505 1092 1582 arbitratus,
1104 1526 1212 1570 novas
1225 1526 1369 1593 coguos-

166 1607 263 1674 cendi
285 1607 356 1671 vias
378 1607 554 1691 quaesivit.
599 1606 836 1695 ‚,J’employe,“
860 1608 915 1682 ait,
939 1608 990 1682 „le
1012 1616 1117 1694 temps
1141 1608 1198 1695 qni
1213 1630 1267 1672 me
1281 1615 1370 1673 reste

166 1711 206 1775 de
223 1710 255 1776 la
276 1710 374 1788 locon
397 1732 464 1796 que
473 1711 510 1795 je
526 1710 589 1775 fais
605 1733 662 1776 sur
683 1709 875 1786 l'escriture,
899 1708 967 1775 aS.
984 1711 1159 1798 Augustin,
1183 1734 1249 1800 que
1259 1711 1370 1798 j'aime

165 1814 389 1901 uniquement‚
412 1836 463 1878 me
485 1813 657 1890 semblent,
682 1813 762 1899 qu’il
782 1813 838 1899 n’y
859 1835 877 1878 a
899 1815 968 1878 rien
984 1823 1075 1880 entre
1094 1815 1143 1879 les
1159 1815 1303 1880 Ancieus
1325 1837 1369 1882 ou

165 1918 345 1982 Modernes
362 1917 419 2002 qui
436 1939 476 1980 en
492 1916 663 2002 approche
680 1915 721 1979 de
737 1924 814 1980 cent
828 1916 945 1992 lienes,
968 1926 1001 1982 et
1017 1925 1089 1982 tant
1109 1917 1186 2004 plus
1209 1917 1241 1982 le
1256 1917 1297 1982 lis
1306 1918 1369 2005 -J'e,

166 2029 238 2086 taut
259 2020 334 2106 plus
355 2019 439 2084 beau
455 2019 492 2109 je
506 2020 539 2085 le
554 2018 748 2115 trouvel);“
766 2019 803 2105 je
825 2019 909 2084 tiens
924 2019 1117 2085 formament
1133 2020 1187 2108 qu'
1205 2019 1303 2108 apres
1318 2021 1369 2087 les

167 2123 379 2211 Heretique8‚
400 2123 424 2188 il
445 2123 500 2209 n’y
520 2145 539 2188 a
558 2145 643 2210 gens
665 2145 708 2186 au
728 2122 863 2200 monde,
888 2124 945 2211 qui
966 2132 1067 2212 ayent
1088 2124 1164 2210 plus
1188 2146 1369 2210 corrompu

165 2227 198 2291 la
218 2225 419 2314 Theologie,
443 2248 508 2313 que
530 2249 585 2292 ces
607 2225 835 2292 Clabaudeurs
857 2226 898 2293 de
925 2225 1093 2293 l'Eschole
1115 2230 1210 2314 (puta
1231 2227 1367 2292 schola·

165 2329 279 2414 eticae)
290 2328 353 2413 4).“

229 2433 365 2509 „Audeo
382 2431 501 2507 dicere,
517 2431 598 2495 mihi
614 2440 818 2516 compertum
835 2454 917 2510 esse,
942 2432 1034 2520 quod
1050 2441 1083 2498 et
1098 2433 1126 2497 si
1141 2441 1282 2520 utraque
1299 2439 1368 2498 tum

162 2533 374 2612 Jesuitarum,
391 2543 458 2599 tum
474 2533 721 2598 Themistarum
735 2534 859 2598 Schola
874 2557 982 2621 usque
998 2537 1041 2601 ad
1054 2546 1232 2601 extremum
1245 2535 1368 2600 ludicii

163 2640 250 2704 diem
271 2637 482 2726 disputatura
503 2639 556 2714 eit,
579 2644 706 2702 tautum
730 2659 750 2700 a
771 2637 909 2702 veritate
925 2639 969 2702 sit
989 2641 1190 2716 aberratura,
1211 2631 1244 2703 in
1262 2661 1368 2726 quan·
1449 2678 1451 2682 ι

163 2758 232 2808 tum
254 2751 394 2828 utraque
416 2743 457 2806 ab
478 2743 554 2827 ipsa
572 2750 701 2805 centum
719 2739 822 2806 leucis
838 2741 949 2805 distat.
963 2792 969 2806 .
984 2788 1010 2807 ..
1049 2742 1130 2806 Cum
1145 2743 1368 2828 Augustinum

162 2846 317 2934 degusto,
331 2843 460 2910 fastidit
474 2843 699 2926 Thomas⁵).·‘
732 2843 916 2927 „Nonnulli
930 2843 1141 2922 scholastici,
1158 2846 1215 2932 qui
1232 2867 1268 2910 se
1285 2844 1367 2910 mul-

162 2961 230 3015 tum
246 2970 364 3034 sapere
380 2946 602 3023 crediderunt,
624 2947 658 3010 in
675 2953 739 3010 tam
756 2946 939 3025 animosas3
962 2947 996 3012 in
1012 2948 1191 3035 sulsasque
1208 2970 1368 3013 censuras

160 3051 417 3140 Augustiuiarae
444 3050 615 3114 doctrinae
642 3057 877 3136 proruperunt,
907 3073 926 3114 a
952 3051 1047 3137 cujus
1079 3033 1159 3116 vero
1191 3051 1366 3117 intellectu

161 3164 227 3221 tam
249 3153 367 3240 procul
387 3156 519 3229 absunt,
542 3162 579 3218 ut
600 3153 758 3218 Sanctum
775 3151 979 3238 Scriptorem
994 3153 1118 3218 clausis
1134 3163 1193 3219 aut
1209 3154 1365 3219 extinctis

162 3258 269 3324 oculis
295 3257 417 3344 legisse
443 3255 619 3322 videantur
622 3306 716 3321 .....
744 3256 960 3321 Recentiores
983 3253 1037 3321 isti
1061 3255 1214 3342 profecto
1238 3266 1366 3322 tantum

166 3362 207 3426 ab
235 3361 323 3425 ostio
348 3381 446 3423 verae
470 3359 687 3446 Theologiae,
713 3359 776 3423 lide
803 3359 898 3422 salva
923 3359 1169 3437 aberraverunt,
1196 3367 1234 3423 ut
1258 3381 1367 3446 neque

167 3464 260 3528 fidem
278 3462 507 3539 Christianam,
530 3484 628 3548 quam
643 3461 751 3526 animo
768 3472 805 3525 ut
821 3445 983 3526 Catholici
1001 3471 1123 3538 tenent,
1140 3483 1248 3548 neque
1264 3485 1365 3548 spem,

162 3590 268 3653 neque
281 3565 505 3653 cupiditatem,
522 3587 629 3652 neque
643 3574 804 3641 naturam,
819 3587 928 3652 neque
941 3565 1088 3652 gratiam,
1105 3585 1244 3652 eamque
1257 3587 1366 3652 neque

161 3670 363 3758 angelorum,
387 3671 496 3755 neque
519 3667 700 3746 hominum,
723 3690 831 3754 neque
862 3669 1029 3746 stantium,
1053 3689 1162 3755 neque
1184 3659 1365 3754 lapsorum,

143 3792 269 3860 ¹neque
296 3770 525 3847 sufficientem,
553 3794 662 3858 neque
689 3770 874 3856 efficacem,
890 3795 998 3859 neque
1027 3778 1229 3857 operantem,
1256 3793 1366 3860 neque

160 3884 395 3964 cooperantem
413 3923 420 3940 .
437 3922 443 3934 .
461 3896 614 3961 ..neque
645 3873 774 3949 vitium,
804 3895 913 3960 neque
943 3875 1114 3952 virtutem,
1144 3895 1253 3961 neque
1278 3895 1364 3960 opus

160 3967 296 4056 bonum,
318 4000 429 4065 neque
451 3987 632 4064 peccatum,
656 3999 764 4064 neque
780 3977 950 4065 originale,
966 4000 1075 4066 neque
1091 3977 1232 4056 actuale,
1255 3999 1364 4065 neque

160 4169 361 4181 .....-..-....---·

232 4267 254 4338 ¹)
273 4265 323 4338 Ep.
336 4269 377 4324 29.
397 4265 436 4319 Dc
450 4266 568 4320 Louvain
581 4266 606 4319 le
618 4269 660 4325 29.
672 4265 771 4320 d'Avril
786 4269 860 4325 1622.

230 4354 257 4423 2)
276 4352 326 4424 Ep.
342 4356 380 4409 13.
400 4353 434 4411 1).
447 4353 476 4406 L.
489 4354 513 4407 le
526 4357 566 4410 14.
580 4353 725 4408 d’Ootobre
739 4357 813 4411 1620.

230 4441 255 4510 ³)
273 4439 323 4511 Ep.
338 4444 378 4497 14.
396 4440 428 4496 D.
441 4439 470 4493 L.
484 4441 508 4494 le
524 4443 562 4498 15.
576 4440 721 4496 d'Octobre
737 4445 810 4498 1620.
829 4441 854 4493 A
867 4439 1006 4494 Monsieur
1017 4440 1112 4493 l'nbbe'
1125 4438 1159 4492 de
1171 4438 1199 4492 S.
1215 4437 1312 4511 (lyron.

228 4527 254 4596 ⁴)
272 4525 322 4596 llp.
338 4527 377 4584 le.
396 4525 428 4584 D.
441 4526 469 4580 L.
484 4527 508 4581 le
521 4529 545 4585 5.
559 4525 592 4581 de
604 4525 680 4581 Mars
695 4531 768 4585 1621.
788 4530 814 4581 Α
826 4525 965 4582 Moneieur
977 4527 1073 4580 l'nbbe
1086 4526 1118 4580 de
1132 4525 1160 4580 S.
1173 4524 1269 4597 Gyran.

229 4615 254 4683 ὓ)
272 4612 323 4684 Ep.
336 4615 376 4669 18.
