3050 5046
659 339 859 438 Α

217 539 492 630 Congruistarum
512 550 658 631 systema
673 543 867 608 Janseniani
882 543 1022 607 maxime
1037 541 1246 616 infestarunt,
1265 541 1359 625 pela-

157 643 312 732 gianismi
335 645 364 710 ei
384 654 502 712 notam.
518 647 688 712 inurentes
711 656 744 712 et
762 647 794 711 in
812 645 929 710 ceteris
946 652 1165 722 autumantes,
1189 651 1264 708 acta
1279 663 1363 706 con·

155 748 360 835 gregationis
396 747 458 826 „de
495 750 651 814 anxiliis“
681 771 791 814 coram
822 747 989 813 Clemente
1022 745 1107 812 VIII.
1125 755 1158 811 et
1186 746 1293 810 Paulo
1319 745 1363 810 V.

155 851 289 915 habitae
311 858 452 926 exstare,
484 875 525 916 ex
546 853 668 939 quibus
685 853 838 928 eluceret,
868 851 1148 916 Constitutionem
1158 850 1228 936 jam
1248 871 1267 911 a
1288 847 1363 912 Cle-

153 961 263 1018 mente
285 953 373 1018 VIII.
395 964 556 1039 paratam‚
580 957 645 1020 imo
666 978 685 1020 a
707 956 767 1019 Pio
784 956 824 1020 V.
848 955 881 1019 in
902 955 1009 1019 lucem
1026 954 1145 1018 editam
1162 952 1277 1027 fuisse,
1294 974 1365 1038 qua

153 1056 306 1121 doctrina
321 1055 595 1142 Congruistarum
612 1059 830 1135 damnaretur,
855 1058 912 1144 qui
927 1065 1036 1120 tamen
1054 1065 1264 1141 opponentes
1281 1076 1361 1140 pro·

152 1159 282 1233 barnnt,
299 1159 515 1245 supposititia
532 1171 606 1224 acta
617 1162 779 1246 ejusmodi
793 1183 876 1236 esse,
894 1161 1061 1226 decretum
1074 1158 1243 1222 afferendo
1257 1158 1361 1222 Inno-

154 1260 253 1325 centii
269 1260 320 1336 X,
338 1283 425 1326 anno
445 1261 534 1330 1654.
553 1264 686 1340 editum,
710 1285 777 1349 qno
795 1265 960 1336 statuitur,
985 1263 1067 1326 actis
1084 1261 1246 1346 ejusmodi
1262 1261 1361 1325 fidem

152 1363 339 1428 habendam
366 1387 435 1429 non
452 1388 534 1434 essa.
578 1367 769 1431 Janseniani
791 1377 898 1431 autern
915 1365 1067 1452 profecto
1086 1365 1361 1451 Congruistarum

153 1466 325 1532 doctrinae
353 1489 422 1532 non
464 1469 734 1546 adversarentur,
765 1471 793 1533 si
822 1471 905 1534 haec
935 1470 1071 1555 gratiam
1096 1467 1279 1541 efficacem,
1304 1468 1358 1532 cui

155 1569 266 1634 resisti
287 1591 356 1634 uon
376 1572 497 1657 possit,
522 1582 758 1660 propugnaret.
803 1572 954 1636 Ecclesia
977 1570 1059 1634 nihil
1082 1570 1303 1634 damnationis
1327 1571 1362 1632 in

156 1682 338 1760 systemate
372 1674 514 1752 invenit,
551 1677 644 1762 quod
673 1699 746 1740 cum
776 1675 851 1761 ipsa
880 1675 994 1750 docet,
1024 1673 1162 1760 gratiam
1192 1671 1362 1762 efficacem

153 1797 366 1862 nequaquam
396 1777 540 1842 libertati
571 1779 734 1843 humanae
764 1778 948 1854 adversari,
979 1777 1008 1839 si
1038 1775 1169 1861 quidem
1201 1775 1231 1839 ei
1260 1775 1362 1838 homo

153 1879 272 1964 possit,
298 1879 326 1942 si
349 1879 440 1955 velit,
463 1881 627 1946 resistere.
672 1881 739 1946 Sed
763 1880 937 1966 contingit,
966 1880 1013 1942 ita
1036 1900 1077 1941 ex
1098 1872 1364 1942 Jansenistarum

153 2002 254 2056 more,
276 1991 315 2046 ut
338 1983 427 2046 omni
450 1986 568 2049 artium
592 1994 625 2048 et
647 1985 844 2049 astutiarum
866 1985 899 2046 vi
922 1983 1092 2045 veritatem
1117 1982 1300 2045 obscurent
1330 1989 1364 2046 et

155 2085 307 2170 quamvis
337 2086 476 2150 maxime
500 2087 610 2151 sedem
634 2088 854 2172 apostolicam
877 2086 1017 2172 ejusque
1040 2084 1224 2149 doctrinam
1249 2084 1363 2170 objur-

155 2196 272 2273 gantes
285 2195 394 2250 tamen
410 2190 640 2254 anctoritatem
653 2191 725 2276 ejus
741 2189 872 2254 maximi
883 2189 999 2253 iterum
1015 2189 1172 2253 momenti
1188 2187 1364 2252 aestiment

156 2288 308 2376 adeoque
322 2291 589 2377 progrediantur,
611 2299 649 2357 nt
663 2293 783 2357 falsam
799 2291 924 2356 bullam
941 2290 1075 2356 cudant.

738 2546 799 2602 .11.
881 2589 884 2596 .
922 2545 926 2555 ‘

232 2646 251 2702 J
252 2646 364 2702 arsenii
376 2649 462 2718 atque
474 2647 585 2704 calvini
596 2543 812 2704 secundanos
823 2646 939 2716 gratiae
950 2646 1153 2702 necessitatem
1166 2645 1271 2700 eadem.

220 2801 328 2881 Quum
353 2803 394 2868 de
417 2805 524 2891 gratia
546 2806 591 2869 ibi
615 2808 794 2893 egerimus,
819 2804 900 2869 satis
923 2812 1066 2880 constat,
1090 2823 1150 2866 nos
1174 2801 1215 2866 de
1239 2800 1363 2864 actuali

154 2905 279 2970 auxilio
303 2906 512 2985 disseruisse,
537 2908 578 2972 de
600 2909 658 2972 illo
681 2910 811 2974 interno
833 2907 925 2971 dono
941 2907 1096 2993 gratuito,
1120 2925 1187 2991 quo
1203 2905 1287 2968 deus
1302 2926 1364 2989 per

152 3009 269 3072 merita
292 3008 416 3073 Christi
440 3011 474 3073 in
500 3033 599 3075 cruce
623 3013 717 3097 passi
739 3012 904 3076 hominem
931 3009 1061 3095 lapsum
1085 3009 1205 3083 munit,
1232 3015 1301 3071 tum
1323 3015 1364 3071 ut

154 3133 228 3175 eum
244 3111 285 3175 ab
301 3111 487 3176 infirmitate
504 3135 563 3198 per
578 3126 751 3199 peccatum
765 3114 859 3178 illata
875 3122 969 3178 sanet
985 3122 1018 3176 et
1032 3111 1160 3176 viribus
1177 3111 1219 3174 ad
1234 3111 1359 3174 bonum

154 3214 328 3301 agendum,
351 3214 393 3279 ad
410 3215 531 3279 malum
546 3217 727 3294 vitandum,
744 3217 789 3281 ad
803 3216 1005 3281 tentationes
1022 3213 1248 3301 superandum
1264 3233 1362 3296 prae·

154 3325 275 3395 servet,
298 3327 367 3382 tum
389 3327 427 3382 ut
447 3341 521 3382 eum
543 3319 585 3384 ad
607 3328 728 3384 statum
751 3318 1036 3406 supernaturalem
1057 3340 1117 3403 per
1136 3317 1226 3381 Adae
1241 3335 1362 3402 pecca·

154 3428 223 3483 tum
247 3421 403 3485 amissum
427 3422 555 3499 evehat,
580 3445 647 3509 quo
670 3423 825 3488 idoneum
848 3443 921 3487 eum
938 3421 1059 3485 efficiat
1075 3419 1118 3484 ad
1134 3430 1229 3484 actus
1244 3441 1362 3503 super·

152 3524 323 3589 naturales
340 3524 535 3590 eliciendum
553 3526 805 3612 justificationis
820 3525 1076 3611 impetratorios,
1100 3523 1163 3587 etsi
1179 3543 1247 3585 non
1263 3522 1361 3585 meri-

153 3627 270 3703 torios,
294 3627 337 3691 ad
359 3648 447 3714 quos
472 3629 668 3692 excitandos
689 3631 825 3714 insuper
846 3630 951 3714 gratia
973 3624 1183 3690 sanctificans
1200 3624 1361 3688 accedere

154 3727 271 3804 debet;
295 3729 328 3794 id
345 3740 406 3809 est,
428 3729 469 3793 de
485 3733 590 3816 gratia
606 3731 786 3796 medicinae
803 3741 835 3796 et
851 3731 1047 3796 elevationis
1064 3728 1295 3803 disseruimus;
1319 3727 1362 3807 de

154 3853 194 3896 ea
210 3833 326 3919 gratia,
348 3835 382 3896 in
398 3841 560 3918 qnantum
575 3835 681 3919 gratia
702 3835 961 3921 „praeveniens“
985 3834 1017 3895 in
1032 3831 1257 3895 illustratione
1272 3851 1363 3894 men-

154 3935 198 4000 tis
224 3946 257 3998 et
282 3943 375 3999 motu
403 3935 587 4000 voluntatis
614 3946 647 4001 et
671 3938 804 4002 roboris
835 3937 959 4001 auxilio
990 3933 1169 4004 infirmitati
1194 3932 1360 3996 humanae

153 4037 268 4102 addito
286 4037 475 4102 consistens
491 4038 628 4107 dicatur.
675 4041 817 4106 Constat
830 4042 917 4112 item,
934 4039 1017 4102 haec
1034 4037 1143 4102 omnia
1159 4047 1359 4121 supernatu-

152 4140 232 4205 ralis
246 4140 371 4204 ordinis
385 4162 468 4216 esse,
482 4142 618 4227 gratiam
632 4142 809 4220 illustrare,
820 4165 963 4217 movere,
979 4141 1145 4204 auxiliari:
1159 4161 1245 4226 quae
1254 4139 1362 4228 gratia

152 4242 280 4308 homini
295 4243 337 4308 ad
354 4264 468 4306 omnes
485 4253 580 4308 actus
596 4245 759 4311 salutares
776 4247 967 4318 eliciendos,
989 4243 1030 4306 ad
1048 4265 1185 4306 omnes
1201 4244 1360 4307 veritates

151 4345 320 4411 naturales
344 4345 608 4434 cognoscendas,
633 4350 675 4414 ad
697 4351 933 4414 universam
957 4347 1061 4433 legem
1086 4343 1294 4430 explendam,
1317 4345 1360 4408 ad

152 4470 300 4534 graves
330 4448 533 4515 tentationes
563 4453 779 4536 superandas,
809 4453 997 4518 necessaria
1027 4451 1080 4514 sit.
1130 4448 1249 4514 Potest
1278 4471 1358 4514 vero

151 4549 253 4617 homo
274 4550 391 4637 lapsus
414 4551 501 4617 sin'e
524 4555 700 4640 speciali
720 4557 845 4646 gratiae
870 4553 992 4621 anxilio
1015 4553 1179 4640 aliquas
1195 4551 1356 4618 naturalis
