3050 5046
713 336 755 403 85

130 540 226 630 qnod
256 541 374 606 statuit
389 541 495 618 Deus,
528 541 576 605 sic
605 560 744 606 necasse
773 548 825 606 est
851 540 1002 617 evenire,
1036 547 1209 606 attamen
1233 562 1343 629 neque

130 645 297 730 praecise,
321 665 431 731 neque
457 653 577 729 suapte
604 656 723 710 natura
747 645 968 709 necessarium
997 644 1055 720 sit,
1083 643 1280 730 Exemplum
1307 644 1344 710 in

131 747 259 814 Christi
282 748 416 812 ossibus
433 747 594 812 familiare
618 748 773 813 occurrit.
817 745 902 820 Cum
922 746 1068 812 induerit
1083 769 1207 834 corpus
1221 757 1341 814 nostro

130 851 248 927 simile,
271 850 402 938 fragilia
417 849 522 914 fuisse
538 827 610 936 ejds
632 871 711 915 ossa
725 872 822 915 nemo
839 871 941 914 sanus
956 850 1108 937 negabit:
1133 871 1219 939 quae
1234 861 1344 918 tamen

127 955 242 1040 frangi
272 953 336 1018 suit
365 953 582 1040 impossibile.
627 953 723 1019 Unde
748 955 868 1018 iterum
893 953 1043 1018 videmus
1067 975 1135 1018 non
1161 962 1284 1020 temere
1309 954 1344 1020 in

127 1057 267 1122 Scholia
294 1058 450 1121 inventas
474 1055 580 1121 fuisse
605 1056 838 1122 distinctiones
864 1056 905 1120 de
934 1056 1135 1122 necessitate
1159 1057 1345 1122 secundum

129 1161 224 1248 quid,
248 1169 281 1225 et
296 1159 468 1229 absoluta:
492 1161 569 1224 item
587 1160 835 1247 consequentis,
860 1167 893 1223 et
908 1161 1183 1246 consequentiae:
1206 1159 1343 1247 quando

129 1285 213 1328 ossa
237 1263 298 1328 lilii
322 1263 430 1341 Deus,
460 1284 547 1350 quae
575 1263 762 1328 efractura
784 1274 964 1345 exemerat,
992 1258 1165 1348 fragilitati
1191 1263 1343 1350 subjecit,

128 1383 232 1453 atqua
248 1367 296 1431 ita
310 1367 481 1430 restrinxit
498 1366 540 1431 ad
557 1367 692 1430 consilii
708 1367 759 1432 sui
775 1366 1016 1443 necessitatem,
1040 1366 1132 1452 quod
1149 1366 1346 1432 naturaliter

129 1471 326 1558 contingere
342 1469 519 1555 potuit1).“
543 1469 658 1545 „Haec
675 1470 719 1534 sit
734 1479 825 1534 certa
840 1469 1014 1544 sententia,
1031 1490 1051 1532 a
1066 1469 1129 1534 deo
1142 1469 1210 1535 fieri
1225 1470 1344 1548 omnia,

129 1583 198 1638 tam
220 1573 310 1637 bona
332 1593 430 1659 quam
451 1572 548 1636 mala.
595 1569 740 1638 Constat
761 1574 862 1649 enim,
886 1571 983 1637 deum
1000 1573 1112 1638 omnia
1126 1572 1251 1648 facere,
1275 1594 1346 1638 non

128 1676 336 1763 permissive,
359 1675 419 1740 sed
436 1684 601 1761 potenter,
617 1676 652 1740 id
668 1687 728 1751 est,
745 1692 783 1741 ut
798 1677 842 1742 sit
857 1676 929 1762 ejus
947 1677 1117 1761 proprium
1134 1699 1221 1762 opus
1236 1676 1346 1742 Judae

128 1779 294 1869 proditio,
329 1778 416 1843 sicut
445 1778 541 1844 Pauli
572 1781 706 1844 vocatio
716 1779 779 1864 ²).“
844 1779 955 1858 „Esto
984 1777 1087 1844 fuerit
1115 1779 1279 1865 quaedam
1310 1781 1345 1844 in

128 1883 270 1947 Socrate
292 1881 494 1957 constantia,
518 1882 552 1946 in
567 1882 760 1947 Xenocrate
776 1881 927 1966 castitas,
951 1883 984 1945 in
1001 1880 1136 1946 Zenone
1156 1891 1343 1967 temperan-

129 1987 192 2050 tia:
213 2021 256 2033 -
277 2006 345 2048 non
362 1984 487 2049 debent
503 2006 564 2068 pro
582 1987 668 2050 veris
684 1985 873 2061 virtutihus,
897 1985 956 2050 sed
971 2005 1032 2070 pro
1049 1984 1138 2048 vitiis
1155 1984 1344 2068 haberi³).“

197 2087 328 2168 „Homo
338 2088 434 2174 justo
452 2087 506 2152 dei
521 2088 669 2173 impulsu
685 2089 763 2175 agit,
779 2088 871 2174 quod
888 2089 952 2152 sibi
967 2109 1036 2152 non
1050 2087 1201 2167 licet⁴).“
1229 2088 1345 2166 „Nihil

134 2193 177 2255 ab
193 2191 324 2255 homine
340 2191 410 2255 exit
424 2193 638 2277 quantumvis
654 2190 813 2276 perfecto,
841 2191 934 2278 quod
950 2211 1020 2256 non
1031 2191 1076 2256 sit
1086 2190 1199 2278 aliqua
1214 2192 1345 2257 macula

134 2295 350 2380 inquinatum.
368 2343 375 2358 .
392 2343 399 2358 .
417 2344 424 2358 .
468 2293 661 2380 Scripturae
677 2294 831 2359 doctrina
846 2303 907 2369 est,
931 2315 1069 2379 aspersa
1089 2315 1163 2359 essa
1180 2304 1344 2381 perpetuo

133 2398 291 2463 sordibus
305 2396 419 2461 multis
434 2396 524 2461 bona
538 2408 654 2462 nostra
667 2418 778 2484 opera,
795 2399 918 2484 quihus
930 2397 1047 2462 merito
1060 2396 1143 2461 deus
1156 2395 1346 2464 offendatur

130 2525 172 2568 ac
187 2501 287 2566 nobis
302 2499 573 2580 succenseat⁵).“
619 2499 748 2576 „Unum
764 2501 865 2588 igitur
880 2511 981 2588 atque
995 2500 1081 2565 idem
1097 2498 1239 2576 facinus,
1263 2509 1346 2586 puta

129 2605 330 2670 adulterium
352 2615 410 2668 aut
431 2603 661 2679 homicidium,
690 2614 850 2691 quantum
872 2604 925 2670 dai
946 2615 999 2668 est
1018 2603 1180 2683 auctoris,
1203 2603 1344 2669 motoris

131 2731 170 2772 ac
185 2706 390 2794 impulsoris,
414 2729 502 2793 opus
519 2717 579 2783 est,
597 2707 718 2772 crimen
734 2729 803 2771 non
819 2715 879 2781 est,
896 2716 1057 2794 quantum
1073 2715 1183 2772 autem
1199 2707 1344 2772 hominis

131 2821 198 2887 eat,
223 2811 345 2875 crimen
367 2820 433 2884 est,
457 2831 496 2874 ac
518 2810 628 2875 scelus
649 2820 709 2876 est.
754 2810 814 2876 Illa
836 2811 922 2876 enim
940 2809 1014 2897 lege
1030 2831 1100 2874 non
1117 2817 1265 2886 tenetur,
1288 2809 1345 2876 hic

129 2924 241 2980 autem
258 2913 355 2978 etiam
372 2911 446 3000 lege
463 2911 709 2993 damnatur⁶).“

197 3016 273 3095 „Sic
295 3025 406 3082 autem
426 3017 496 3103 agit
516 3016 627 3100 (deus)
651 3038 710 3102 per
732 3015 790 3079 illa
810 3015 1045 3093 instrumenta,
1068 3026 1106 3080 ut
1126 3035 1195 3080 non
1214 3023 1344 3082 tantum

130 3123 222 3187 sinat
242 3121 300 3185 illa
320 3141 433 3206 agere,
458 3142 520 3185 nec
540 3129 668 3184 tantum
690 3119 880 3183 moderetur
900 3127 1070 3196 eventum,
1094 3118 1155 3184 sed
1176 3117 1275 3184 etiam
1293 3120 1345 3184 in·'

131 3225 227 3300 citet,
255 3223 421 3309 impellat,
455 3232 602 3298 moveat,
631 3231 725 3309 regat
750 3233 851 3310 atque
877 3221 975 3298 adeo,
1000 3212 1266 3308 quodomnium
1293 3231 1346 3289 est
1381 3243 1383 3248 ’

131 3328 320 3404 maximum,
347 3335 380 3391 et
396 3335 495 3401 creat,
515 3336 552 3391 ut
568 3347 627 3411 per
642 3325 699 3390 illa
714 3336 801 3412 agat,
825 3325 917 3412 quod
934 3324 1179 3408 constituit⁷).⁴‘

198 3431 261 3496 Est
272 3439 380 3495 autem
394 3429 477 3494 haec
489 3430 651 3505 doctrina,
668 3451 754 3516 quae
766 3429 875 3502 docet,
892 3428 1017 3493 homini
1030 3430 1199 3514 primaevo
1211 3435 1344 3507 statum,

132 3537 272 3623 inquo,
296 3543 434 3598 ornatus
450 3533 583 3619 justitia
611 3532 764 3619 originali
786 3542 819 3596 et
839 3531 938 3598 donis
961 3532 1211 3620 privilegiisque
1234 3531 1264 3596 ei
1284 3552 1343 3596 an-

132 3639 244 3713 nexis,
268 3659 288 3701 a
314 3636 378 3701 deo
403 3650 553 3700 creatore
577 3636 782 3700 constitutus
806 3645 892 3708 erat,
916 3635 1063 3700 debitum
1085 3633 1191 3700 fuisse
1213 3634 1344 3720 exipsa

133 3741 318 3814 creatione,
352 3739 577 3826 integritatem
606 3749 640 3802 et
661 3737 888 3802 conditionem
910 3737 1194 3824 supernaturalem
1218 3737 1344 3802 consti·

132 3845 238 3909 tuisse
254 3851 382 3930 partem
402 3851 542 3906 naturae
558 3840 722 3905 humanae
737 3841 957 3919 essentialem,
981 3841 1118 3927 gratiam
1134 3839 1344 3905 sanctifican-

134 3959 199 4013 tem
221 3949 253 4012 in
276 3945 406 4011 ratione
423 3945 493 4010 sive
508 3944 679 4021 facultate,
701 3944 860 4010 veritates
876 3944 1051 4032 religiosas
1068 3942 1295 4031 cognoscendi
1310 3952 1344 4010 et

134 4137 336 4148 ..-..---

207 4236 229 4304 ι)
249 4213 322 4287 cui.
336 4235 419 4293 intua.
431 4235 474 4290 ra.
488 4238 510 4290 1.
524 4251 546 4287 a.
560 4237 601 4292 ra.
613 4252 638 4287 n.
652 4237 677 4291 9.

202 4322 228 4389 ²)
247 4319 406 4374 Melanchth.
422 4319 524 4374 Comm.
537 4320 564 4372 in
578 4338 619 4391 ep.
630 4317 664 4372 ad
675 4318 787 4372 Roman.

204 4407 227 4466 ³l
244 4405 406 4460 Melanchth.
419 4407 471 4460 loc.
484 4406 565 4460 theol.
599 4408 626 4472 4)
644 4405 760 4460 Institut.

204 4494 229 4562 θ)
247 4493 333 4546 Instit.
347 4497 373 4558 3,
390 4511 413 4546 c.
427 4495 451 4550 5.
487 4493 512 4563 ⁶)
532 4493 686 4565 Zwinglius,
704 4491 738 4546 de
750 4491 854 4563 provid.

203 4581 227 4650 7)
246 4579 325 4646 Beza,
344 4580 500 4654 Aphorism.
513 4582 556 4637 22.
