3050 5046
675 291 875 394 *¹3⁶-
896 293 898 300 ,

149 499 311 586 primus,
344 506 411 564 tam
441 500 569 588 integer
597 504 731 586 tamque
756 499 919 564 innocens
945 499 1141 584 peccaverit.
1174 489 1261 580 'Qua
1289 499 1379 563 enim

171 604 300 668 ratione
330 610 502 688 peccatum
537 603 795 688 perpetraverit,
833 624 934 688 quum
965 602 1166 666 censendum
1197 603 1255 679 sit,
1291 624 1380 680 eum,

173 707 279 794 gratia
294 706 526 771 delectationis
547 705 702 770 coelestis
718 707 926 781 instructum,
949 705 1041 769 nulla
1057 706 1255 770 adversante
1266 727 1380 770 rerum

171 821 372 874 terrenarum
400 809 559 885 libidine,
583 823 651 873 non
672 807 736 872 nisi
758 809 800 872 ad
822 808 934 872 divina
953 815 1094 872 tractum
1116 808 1245 872 fuisse?
1281 808 1378 884 Nam,

169 913 254 978 idem
277 913 370 1000 quod
391 926 424 977 et
443 912 622 978 Jansenius
643 932 712 976 non
735 911 884 996 negabit,
908 910 1073 975 hominem
1096 912 1260 998 integrum
1276 921 1379 998 atque

168 1018 380 1080 innocentem
400 1015 495 1080 nulla
515 1037 623 1080 rerum
644 1014 837 1078 inferiorum
854 1013 1036 1099 cupiditate
1052 1024 1177 1078 motum
1194 1035 1232 1078 ac
1249 1029 1378 1098 pertur-

170 1120 283 1187 batum
299 1118 404 1183 fuisse
420 1127 562 1194 constat,
586 1117 691 1181 nihilo
709 1117 839 1181 adversi
857 1117 989 1180 sanitati
1002 1117 1186 1181 voluntatis
1200 1117 1378 1181 reluctato.

172 1221 241 1286 Lex
263 1231 372 1285 autem
393 1229 444 1285 est
465 1220 710 1296 delectationis,
733 1219 886 1295 athaes,
909 1221 1060 1306 quamvis
1076 1221 1170 1295 levis,
1194 1219 1267 1296 alia,
1292 1242 1378 1306 quae

172 1334 378 1410 opponatur,
412 1346 479 1388 non
506 1325 684 1402 renitente,
718 1322 856 1402 efficiat,
889 1333 928 1387 ut
955 1323 1111 1388 voluntas
1141 1345 1271 1408 semper
1298 1345 1378 1387 con·

171 1428 308 1504 sentiat3
331 1428 445 1514 itaque
467 1427 645 1491 delectatio
668 1427 842 1502 coelestis,
866 1427 919 1490 cui
945 1427 1039 1490 nulla
1059 1428 1093 1489 in
1115 1427 1222 1512 primo
1244 1427 1380 1492 homine

169 1531 380 1618 repugnabat
402 1531 634 1614 peccaminosa
656 1551 695 1594 ac
717 1537 863 1605 terrena,
886 1529 997 1593 facere
1013 1529 1200 1602 debuisset,
1223 1539 1261 1592 ut
1275 1529 1377 1593 homo

170 1635 252 1698 vitio
276 1655 342 1698 non
364 1633 541 1698 laberetur.
591 1635 642 1696 An
662 1623 859 1696 Janseniani
878 1633 1051 1718 objicient,
1082 1653 1150 1696 non
1171 1632 1287 1696 eodem
1310 1654 1376 1718 quo

170 1757 259 1824 nunc
280 1736 381 1801 modo
402 1735 547 1800 hominis
568 1735 601 1798 in
633 1735 824 1799 conditione
845 1735 1013 1820 primaeva
1034 1737 1208 1800 constituti
1222 1735 1376 1799 volunta·

170 1850 233 1905 tem
260 1839 509 1904 determinatam
536 1839 631 1902 esse?
666 1836 819 1902 Hominis
844 1838 953 1923 lapsi
980 1838 1186 1902 voluntatem
1213 1839 1378 1924 superiori

171 1943 393 2008 delectatione
421 1941 594 2017 declinari,
624 1963 722 2006 secus
748 1941 926 2027 integri?
957 1941 1118 2006 Naturam
1145 1941 1378 2010 delectationis

169 2045 306 2131 utrique
333 2044 434 2108 statui
460 2053 703 2108 consentaneae
722 2044 885 2108 diversam
902 2045 996 2108 esse?
1023 2045 1080 2124 At,
1103 2044 1192 2108 unde
1213 2044 1279 2108 hoc
1300 2067 1378 2130 pro-

171 2149 275 2212 bant?
298 2147 476 2212 Jansenius
491 2149 564 2232 ipse
579 2146 689 2222 tradit,
714 2155 866 2212 sanctum
877 2147 1100 2234 Augustinum
1116 2157 1266 2211 naturam
1282 2147 1377 2234 adju·

170 2252 246 2316 torii
267 2251 412 2314 hominis
433 2250 519 2335 lapsi
542 2272 580 2314 ac
603 2251 723 2314 stantis
745 2259 990 2335 comparantem
1007 2273 1107 2336 saepe
1122 2251 1269 2316 indicare
1284 2250 1378 2315 diste·

169 2357 311 2418 rentiem·
323 2353 552 2417 tantummodo
564 2352 798 2418 attendendam
812 2375 886 2417 esse
899 2352 1081 2418 secundum
1093 2355 1197 2440 magis
1209 2371 1242 2418 et
1253 2355 1378 2431 minus;

169 2459 202 2522 id
225 2467 286 2533 est,
309 2456 556 2532 accidentalem,
580 2477 648 2520 non
672 2455 881 2520 essentialem
898 2478 967 2520 eam
984 2478 1067 2522 esse.
1112 2460 1231 2543 Atque,
1256 2458 1284 2520 si
1298 2457 1377 2522 Jan·

170 2561 315 2626 senistae
337 2560 464 2634 dicant,
487 2559 522 2623 in
544 2568 633 2624 statu
654 2571 792 2624 naturae
811 2561 959 2646 integrae
977 2560 1184 2625 voluntatem
1199 2560 1324 2626 firmam
1340 2584 1379 2626 ac

170 2664 353 2736 robustam,
375 2663 451 2728 ideo
468 2663 563 2726 aliter
579 2662 736 2738 effectam,
755 2685 853 2749 quam
869 2685 968 2741 nunc,
984 2663 1039 2728 ubi
1057 2663 1176 2729 debilis
1193 2673 1227 2728 et
1241 2664 1378 2741 infirma,

169 2766 294 2854 gratiae
315 2767 470 2830 resistere
491 2767 653 2850 potuisse,
678 2765 770 2852 quod
791 2789 860 2830 non
883 2768 994 2851 possit
1011 2767 1115 2853 lapsa,
1140 2768 1379 2852 opponendum

170 2877 230 2944 est,
253 2880 334 2933 tunc
356 2869 560 2934 voluntatem
584 2891 697 2932 sanam
719 2877 752 2932 et
771 2871 954 2946 robustam,
977 2869 1053 2934 ideo
1076 2871 1166 2935 haud
1189 2871 1288 2936 dubie
1310 2894 1379 2936 ma·

164 2975 241 3060 jore
263 2973 388 3058 gratiae
409 2971 633 3036 delectatione
657 2972 841 3056 perfusam,
865 2974 973 3037 minus
989 2973 1067 3037 huic
1082 2975 1237 3038 resistere
1253 2997 1379 3060 oppor-

168 3076 283 3144 tuisse.
329 3075 449 3139 Mirum
480 3075 599 3139 deinde
629 3075 835 3159 privilegium
867 3085 956 3140 esset
985 3076 1167 3140 voluntatis
1197 3079 1231 3140 in
1259 3086 1380 3143 natura

168 3181 298 3260 integra
313 3176 434 3253 firmae,
458 3179 584 3264 gratiae
598 3178 752 3243 resistere
770 3199 882 3263 posse,
905 3178 1090 3243 voluntatis
1105 3181 1139 3244 in
1155 3180 1253 3265 lapsu
1267 3179 1379 3246 laesae

169 3290 202 3346 et
216 3283 335 3355 lassae,
354 3281 479 3344 idcirco
495 3282 603 3345 minus
614 3279 800 3366 jucundum
823 3303 864 3344 ex
883 3283 988 3367 gratia
1007 3304 1138 3346 sensum
1152 3283 1379 3368 percipientis,

168 3405 237 3449 non
257 3406 369 3470 posse.
412 3383 537 3458 Perre,
561 3406 662 3470 quum
680 3384 778 3470 juxta
792 3383 986 3472 Jansenium
1008 3385 1117 3470 angeli
1137 3386 1172 3448 in
1194 3386 1313 3462 coelis,
1338 3409 1378 3452 eo

170 3488 262 3576 quod
278 3487 371 3552 nulla
387 3497 527 3562 terrena,
545 3487 604 3551 sed
621 3487 694 3550 sola
711 3487 850 3551 coelesti
864 3487 1021 3552 fruuntur
1032 3488 1264 3565 delectatione,
1280 3489 1379 3554 deum

168 3593 358 3656 necessario
381 3599 575 3654 constanter
596 3599 714 3673 ament,
739 3588 910 3676 quomodo
928 3591 1072 3655 Adamus
1093 3593 1264 3668 innocens,
1289 3593 1378 3656 omni

172 3695 394 3760 delectatione
419 3694 567 3760 terrestri
593 3702 783 3778 exemptus,
818 3717 955 3779 peccare
983 3694 1114 3778 potuit?
1151 3695 1318 3781 Denique,
1350 3697 1380 3760 si

172 3798 305 3885 quidem
326 3799 360 3861 in
381 3807 490 3860 mente
504 3795 653 3860 Jansenii
674 3805 869 3880 peccatores
892 3808 1069 3884 antequam
1085 3798 1191 3884 gratia
1207 3807 1378 3877 ornentur,

168 3923 239 3966 eam
267 3902 311 3964 ob
337 3921 404 3964 rem
430 3900 619 3964 necessario
646 3899 731 3962 male
755 3909 872 3986 agant,
896 3901 975 3986 quia
997 3900 1217 3964 delectatione
1240 3901 1377 3966 coelesti

168 4004 333 4079 destituti,
358 4002 498 4087 solaque
524 4013 654 4066 terrena
680 4002 790 4067 affecti
816 4005 898 4088 sint,
922 4005 1092 4088 quomodo
1120 4004 1220 4068 homo
1247 4007 1377 4091 primus

167 4109 309 4192 integer,
334 4106 374 4168 ab
398 4105 487 4167 omni
509 4104 729 4168 delectatione
750 4108 897 4170 terrestri
920 4107 1018 4179 liber,
1049 4106 1212 4193 deliquit?
1247 4107 1376 4194 Neque,

168 4211 197 4275 si
218 4209 302 4274 haec
321 4207 471 4272 Jansenii
497 4207 653 4271 doctrina
676 4208 908 4272 delectationis
936 4211 1090 4274 coelestis
1117 4211 1222 4295 primo
1249 4211 1377 4284 homini

171 4333 353 4379 concessae
368 4310 503 4386 valeret,
527 4311 665 4396 intelligi
690 4324 814 4396 posset,
839 4333 906 4399 quo
930 4323 1029 4398 pacto
1046 4313 1149 4377 Adam
1165 4313 1271 4377 libero
1288 4315 1375 4378 arbi-

167 4416 231 4478 trio
248 4437 329 4478 usus
346 4415 478 4500 egisset,
502 4413 665 4499 siquidem
682 4414 837 4478 voluntas
860 4423 997 4479 strenuo
1014 4417 1222 4480 necessitatis
1238 4417 1373 4482 vinculo

169 4525 260 4582 arcta
274 4517 452 4604 jacuisset3
476 4537 548 4579 nam
570 4517 682 4581 divina
704 4518 891 4594 amavisset,
915 4539 984 4582 non
1008 4519 1100 4606 qnod
1117 4518 1290 4596 voluisset,
1314 4521 1374 4586 sed
