3050 5046
778 341 820 410 92

179 539 302 628 jamnis
330 563 372 608 eu
399 541 561 609 d’heresie
591 545 650 610 des
673 545 970 630 Prodestinatiens)
1002 571 1042 614 ne
1069 537 1131 614 fait
1153 549 1257 636 qu’un
1280 550 1399 637 simple

186 644 308 732 abregd
331 645 390 711 des
414 647 536 734 grands
560 650 684 726 treitsz,
708 673 774 738 que
797 652 846 715 les
864 651 1063 716 calvinistes
1080 663 1140 716 ont
1155 654 1325 739 imprimar
1342 677 1400 718 sur

185 747 236 812 les
260 771 398 814 mesmes
421 752 583 817 matieres.
628 753 680 818 En
703 754 848 820 d'autrcs
871 755 970 829 lieux,
995 777 1121 820 comme
1138 753 1251 843 quand
1268 757 1291 821 il
1308 757 1399 843 parle

187 850 233 916 du
248 851 331 917 libro
347 853 479 934 arbitra,
497 854 537 919 dc
553 855 585 919 la
601 858 764 922 necessita
781 859 822 924 de
839 858 970 944 pecher,
994 859 1035 924 de
1050 859 1084 924 la
1099 881 1197 946 grace
1209 860 1397 938 snffisante‚

186 954 210 1020 il
233 953 331 1022 dtend
355 978 400 1020 un
422 979 488 1042 peu
512 957 587 1043 plus
610 982 652 1024 au
675 960 757 1048 long
779 984 816 1026 ce
835 962 916 1049 qu’il
932 983 952 1026 a
968 961 1095 1026 derobd
1110 962 1171 1028 des
1188 963 1397 1051 heretiqnas:

184 1057 209 1123 il
232 1059 343 1124 donne
360 1059 437 1144 plus
454 1060 494 1124 de
504 1063 585 1148 jour
600 1061 620 1127 a
636 1063 724 1128 leurs
743 1065 893 1150 penedes,
918 1075 952 1129 et
973 1087 1015 1132 ne
1029 1065 1089 1130 fait
1105 1066 1207 1152 qu’un
1227 1089 1302 1130 com
1311 1089 1397 1131 men·

185 1161 269 1244 taire
293 1184 350 1227 sur
366 1162 482 1227 Calvio
487 1211 591 1230 .....
625 1166 665 1231 ds
689 1189 738 1231 me
760 1168 825 1232 fais
848 1169 917 1234 fort
938 1168 979 1233 dc
1003 1178 1148 1234 montrer
1169 1169 1398 1246 evidemment‚

185 1286 252 1351 que
267 1277 342 1330 tout
359 1266 430 1330 cela
452 1290 488 1331 se
503 1277 623 1332 trouve
640 1293 785 1356 presque
801 1281 871 1337 mot
888 1294 974 1357 pour
990 1287 1058 1336 rnot
1074 1272 1158 1337 dans
1173 1272 1223 1336 les
1240 1273 1342 1338 livres
1358 1273 1398 1338 de

184 1367 320 1450 Luther,
344 1369 386 1434 de
402 1369 529 1447 Calvin,
554 1381 587 1437 et
608 1372 667 1437 dos
689 1383 800 1438 autres
822 1375 1013 1462 heretiques
1029 1377 1086 1462 qni
1103 1383 1163 1440 ont
1179 1374 1261 1440 ecrit
1278 1375 1397 1462 depuis

187 1479 262 1536 cent
278 1494 338 1535 ans
353 1472 415 1552 ¹).“

250 1575 487 1640 Calvinisrnum
517 1599 596 1641 vero
625 1577 729 1653 „thud
753 1579 831 1644 wild
854 1579 920 1644 and
950 1563 1190 1665 blasphemous
1214 1591 1341 1668 system
1365 1581 1403 1644 of

184 1675 368 1766 theology“
396 1679 577 1768 theologus
607 1681 741 1768 quidam
772 1683 891 1770 anglus
922 1684 970 1747 ita
1001 1684 1125 1770 pingit:
1162 1686 1210 1760 „A
1239 1684 1398 1771 religious

184 1789 311 1868 system
327 1783 513 1871 consisting
529 1784 568 1848 of
580 1785 704 1849 human
721 1796 891 1850 creaturos
910 1786 1054 1851 without
1070 1787 1201 1870 liberty,
1226 1785 1397 1852 doctrines

183 1885 329 1951 without
344 1909 452 1967 sense,
469 1886 553 1951 faith
566 1889 709 1953 without
724 1912 844 1954 reason
861 1889 927 1954 and
941 1912 959 1954 a
971 1890 1039 1975 god
1052 1890 1197 1956 without
1213 1913 1325 1978 meroy
1335 1890 1398 1972 Ὗ(

248 1987 438 2054 Gibbonius
461 1990 577 2059 refert:
601 1993 845 2071 „Jansenianos
868 1992 1079 2058 dehonestat.
1094 2017 1208 2058 eorum
1232 2017 1306 2060 cum
1324 1994 1398 2061 Cal·

185 2091 262 2155 vino
280 2092 496 2159 similitudo.“

248 2193 340 2259 Nihil
363 2219 442 2260 vero
467 2197 642 2263 contendit
662 2197 841 2263 Jansenius
865 2199 929 2262 nisi
952 2199 1045 2286 quod
1067 2199 1263 2264 Hobhesius
1286 2201 1398 2286 philo·

183 2297 313 2384 sophos
330 2299 446 2364 eodem
463 2324 536 2364 cum
560 2303 626 2365 isto
651 2309 799 2386 tempore
817 2303 943 2376 vivens,
967 2303 1024 2388 qui
1041 2303 1170 2381 statuit,
1195 2305 1308 2367 omnia
1326 2325 1398 2368 esse

183 2403 389 2479 necessaria,
420 2405 545 2470 nullam
573 2427 647 2469 esse
676 2405 864 2468 libertatem
893 2407 926 2469 in
956 2427 1058 2470 sensu
1086 2407 1241 2491 proprio,
1274 2407 1398 2470 nullam

184 2506 369 2571 libertatem
393 2507 577 2572 electionis.
623 2506 845 2593 ,‚VocamuS,“
867 2508 985 2595 inquit,
1006 2508 1149 2583 „liberas
1166 2509 1317 2576 actiones
1334 2531 1398 2585 eas,

184 2632 269 2696 qnae
300 2633 373 2675 cum
409 2611 649 2676 deliberatione
684 2611 784 2679 fiunt:
830 2611 890 2676 sed
920 2611 1117 2675 deliberatio
1148 2633 1218 2675 non
1249 2612 1399 2678 excludit

183 2716 432 2781 necessitatem:
463 2738 538 2780 nam
569 2715 688 2780 electio
720 2727 754 2780 et
782 2715 979 2780 deliberatio
1007 2723 1101 2778 erant
1130 2714 1255 2799 pariter
1283 2737 1397 2780 neces·
1497 2731 1498 2746 ¹

181 2819 319 2883 sarias.“
364 2818 484 2895 „Ratio
504 2819 651 2884 ¹criminis
673 2822 707 2883 in
729 2841 769 2882 eo
787 2818 953 2894 consistit,
977 2818 1070 2905 quod
1087 2841 1128 2882 ex
1144 2828 1261 2882 nostra
1276 2817 1396 2884 volun·

181 2930 250 2986 tate
280 2922 417 3007 profluit
446 2939 479 2988 et
505 2922 610 2988 laesio
641 2923 725 3010 legis
756 2932 817 2987 est.
861 2921 972 2986 Jndex
998 2921 1174 2986 vindicans
1199 2941 1269 2986 non
1297 2921 1395 2988 debat

180 3025 283 3091 ullam
307 3028 511 3113 superiorem
535 3047 670 3091 cansam
697 3025 880 3112 inquirere,
911 3046 1009 3110 qnam
1034 3025 1242 3090 voluntatem
1257 3028 1316 3094 rei.
1361 3025 1396 3089 Si

181 3129 282 3216 igitur
297 3129 385 3205 dico,
409 3132 574 3196 actionem
597 3130 817 3194 necessariam
841 3149 925 3200 esse,
949 3125 1059 3192 dicere
1075 3128 1166 3204 volo,
1192 3149 1262 3193 eam
1279 3137 1396 3194 contra

183 3232 391 3298 voluntatem
420 3233 504 3309 fieri,
536 3233 595 3298 sed
626 3253 698 3297 eam
727 3231 948 3296 necessariam
979 3251 1082 3304 voco,
1113 3233 1270 3318 qnoniam
1301 3239 1394 3297 actus

183 3335 369 3400 voluntatis
385 3335 439 3400 vel
455 3336 549 3414 vello,
572 3336 663 3422 quod
681 3334 844 3424 actionem
861 3333 977 3419 gignit,
995 3335 1185 3398 necessario
1203 3357 1262 3420 por
1277 3335 1395 3400 volun·

182 3449 282 3504 tatem
307 3419 495 3516 ordinatur}
518 3448 633 3526 potest
652 3439 754 3525 igitur
768 3437 959 3502 voluntaria
975 3447 1008 3502 et
1024 3459 1223 3524 quamquam
1242 3461 1395 3504 necessa·

181 3543 230 3609 ria
251 3553 360 3609 tamen
383 3543 503 3608 crimen
527 3565 610 3608 esse.
656 3540 709 3607 Ob
731 3541 911 3632 dominium
927 3540 1090 3606 inlinitum
1107 3541 1190 3606 deus
1199 3541 1277 3628 jure
1293 3543 1397 3606 utitur

183 3645 342 3735 puniendi
359 3645 411 3711 vel
428 3647 484 3724 ibi,
506 3647 564 3711 ubi
581 3647 704 3710 crimen
720 3645 856 3731 proprie
871 3643 996 3708 dictum
1012 3665 1081 3708 non
1098 3642 1264 3724 adest³).“

244 3750 315 3829 „La
335 3747 432 3814 thdse
447 3748 695 3814 fondamentale
720 3747 762 3812 de
785 3747 806 3811 l’
824 3748 1072 3833 „Augustinus“
1097 3748 1144 3811 ait
1167 3756 1285 3812 auctor
1300 3747 1395 3835 galli·

181 3876 241 3919 cus
258 3854 328 3940 jam
351 3863 565 3928 memoratus,
590 3863 663 3928 „est
686 3851 835 3916 celle-ci:
866 3849 995 3936 Depuis
1018 3849 1051 3913 la
1072 3847 1165 3914 faute
1188 3850 1343 3926 d'Adam,
1367 3850 1397 3915 le

180 3957 265 4022 libre
294 3956 417 4020 arbitro
447 3955 585 4021 n’existe
608 3955 684 4040 plus
709 3976 795 4039 pour
817 3953 989 4026 l’homme,
1028 3951 1077 4016 les
1101 3951 1231 4016 bonnas
1255 3975 1396 4018 ocurras

182 4070 261 4126 sont
282 4081 328 4124 un
351 4058 419 4123 don
444 4065 616 4142 purement
638 4057 762 4145 gratuit
782 4056 823 4122 de
841 4056 934 4133 Dieu,
960 4065 993 4122 et
1008 4055 1041 4120 la
1056 4054 1322 4140 pre'destination
1338 4057 1396 4121 des

181 4162 254 4228 elus
277 4169 329 4228 est
349 4184 395 4226 un
418 4161 496 4226 ellat
518 4183 586 4225 non
608 4160 649 4226 de
670 4159 703 4226 la
718 4161 911 4247 prescience
927 4158 1008 4247 qu’il
1024 4181 1043 4222 a
1061 4158 1120 4224 des
1139 4179 1290 4236 oeuvres,
1314 4160 1395 4225 mais

250 4420 272 4488 1)
292 4417 332 4471 De
345 4417 470 4488 Champs,
489 4416 506 4470 l.
521 4433 542 4469 o.
577 4419 603 4485 ²)
623 4416 663 4470 De
675 4417 779 4488 l’eglise
791 4416 920 4487 gallicane
934 4414 969 4467 du
983 4421 1069 4468 comte
1082 4413 1117 4467 dn
1130 4413 1251 4468 Maistre.

248 4507 273 4576 ³)
293 4505 417 4568 Hobhes,
435 4501 533 4574 Tripos
551 4503 583 4556 of
599 4503 672 4556 three
691 4504 861 4567 discourses,
880 4501 913 4554 of
927 4501 1023 4573 liberty
1041 4501 1093 4554 aud
1112 4503 1254 4574 necessity,
1274 4500 1395 4566 London,

178 4593 260 4656 1684,
275 4589 346 4662 apud
359 4588 488 4644 Comitem
502 4589 534 4642 de
547 4588 667 4656 Maistre,
686 4589 718 4643 dc
730 4589 832 4660 l’eglise
844 4587 988 4659 gallicane.
