3050 5046
789 335 833 402 84

711 424 913 436 ——u——d

201 537 335 608 nomine
356 561 505 629 pugnare
526 538 631 618 nolle,
661 541 691 604 si
711 539 778 604 hoc
801 538 902 604 semel
925 539 1199 616 constitueretur,
1227 539 1414 606 libertatem

202 666 271 710 non
294 644 337 710 ad
359 645 558 732 potentiam,
581 643 636 708 vel
656 643 849 708 facultatem
873 642 952 706 boni
974 663 1080 731 aeque
1102 665 1142 710 ac
1162 642 1240 708 mali
1262 643 1413 730 eligendi,

201 747 262 814 sed
288 748 334 814 ad
351 756 573 833 spontaneum
599 754 740 822 motum,
770 753 803 812 et
830 768 1032 811 consensum
1058 746 1174 814 referri
1197 747 1327 812 debere.
1372 747 1416 812 Et

201 851 284 940 quid
303 850 395 917 aliud
416 859 540 916 sonant
554 851 731 937 Augustini
752 849 876 915 verba?
905 850 1027 915 Libera
1043 859 1104 927 est,
1127 851 1246 938 inquit,
1270 849 1415 914 bominis

199 954 369 1033 voluntas,
391 953 452 1019 sed
467 953 509 1018 ad
524 953 657 1020 malurn.
689 953 777 1019 Cur?
799 954 877 1040 quia
893 953 1090 1029 delectione,
1107 961 1141 1020 et
1156 954 1294 1040 proprio
1312 975 1415 1039 appe·

200 1057 267 1124 titu
287 1057 528 1135 movetur¹)?“
574 1056 709 1145 ‚‚Nego‚
733 1059 872 1144 gratiam
896 1057 944 1121 sic
965 1055 1065 1121 nobis
1087 1055 1196 1132 offeri,
1220 1066 1258 1122 ut
1277 1068 1415 1121 nostrae

200 1159 322 1248 postea
337 1160 381 1225 sit
403 1160 551 1247 optionis
567 1159 621 1224 vel
638 1161 877 1247 obtemperare,
901 1160 955 1225 vel
976 1159 1153 1247 refragari:
1176 1181 1264 1248 nego
1286 1167 1414 1224 tantum

199 1265 235 1332 in
260 1262 327 1328 hoc
354 1263 441 1338 deri,
470 1270 508 1329 ut
534 1263 792 1329 imbecillitatem
820 1271 970 1330 nostram
992 1263 1144 1328 subsidio
1171 1284 1234 1327 suo
1261 1263 1415 1348 adjuvet:

201 1365 299 1455 quasi
325 1366 360 1431 in
386 1366 486 1430 nobis
516 1366 598 1431 alias
625 1367 807 1454 quidquam
835 1367 880 1432 sit
901 1368 1017 1442 situm;
1046 1366 1105 1432 sed
1126 1366 1194 1432 boe
1214 1367 1248 1432 in
1269 1366 1417 1431 solidum

201 1469 292 1536 illius
306 1489 404 1556 opus,
428 1490 467 1534 ac
482 1467 678 1534 beneficium
695 1491 769 1534 esse
786 1469 956 1545 confirmo,
979 1479 1018 1534 ut
1033 1492 1092 1535 cor
1106 1480 1257 1535 nostrum
1273 1491 1316 1534 ex
1331 1469 1417 1556 lapi·

202 1573 266 1639 deo
288 1573 322 1637 in
344 1593 499 1638 carneum
520 1571 743 1654 vertatur2).“
789 1571 898 1653 „Quia
913 1573 1038 1653 vident,
1062 1573 1256 1654 (sorbonici,
1278 1573 1298 1638 i.
1317 1595 1344 1637 e.
1361 1594 1417 1637 ca·

202 1675 333 1756 tholici)
348 1697 466 1762 parum
482 1675 595 1741 valere
611 1675 654 1740 ad
668 1674 836 1740 hominem
852 1675 1061 1742 attolendum
1078 1677 1168 1741 bena
1184 1698 1296 1763 opera,
1320 1698 1360 1740 ec
1373 1698 1417 1740 ne

201 1779 319 1845 merita
339 1777 473 1866 quidem
495 1779 631 1866 proprie
647 1779 770 1858 vocari,
794 1779 822 1842 si
839 1780 972 1844 divinae
989 1780 1115 1866 gratiae
1130 1779 1260 1844 fructus
1276 1801 1417 1844 censen·

201 1892 273 1950 tur:
295 1901 337 1947 ex
352 1880 386 1946 vi
400 1879 496 1946 liberi
512 1882 637 1946 arbitrii
654 1903 694 1946 ea
709 1881 856 1957 eliciunt,
881 1882 992 1947 oleum
1010 1882 1137 1948 scilicet
1153 1904 1194 1946 ex
1208 1882 1330 1968 lapide.
1368 1884 1418 1946 Ac

202 1982 418 2074 principalem
445 1983 579 2071 quidem
605 2006 738 2049 causam
761 1985 794 2049 in
817 1987 923 2072 gratia
945 2007 1019 2050 esse
1041 2007 1109 2050 non
1130 1995 1269 2073 negant3
1293 1985 1354 2050 sed
1374 2007 1417 2050 eo

202 2098 313 2155 tamen
334 2086 544 2154 contendunt
564 2108 633 2152 non
653 2088 786 2153 excludi
807 2088 948 2154 liberum
971 2089 1158 2165 arbitrium,
1181 2111 1243 2176 per
1264 2089 1357 2176 quod
1372 2090 1420 2152 sit
1515 2135 1516 2184 p

203 2213 300 2258 omne
326 2189 550 2271 meritum³l.“
616 2189 681 2271 Qui
709 2200 942 2279 argumetum
971 2192 1113 2280 aliquem
1141 2191 1248 2256 libero
1277 2191 1417 2256 arbitrio

201 2295 372 2383 proprium
392 2293 555 2368 tribuunt,
579 2302 612 2358 et
633 2303 821 2380 separatum
844 2317 864 2358 a
885 2295 937 2360 dei
953 2296 1068 2381 gratia,
1092 2295 1176 2359 nihil
1191 2294 1293 2369 aliud,
1317 2317 1418 2380 quam

203 2400 356 2487 spiritum
378 2395 643 2482 discerpunt⁴).“
686 2397 800 2473 „Deus
822 2397 1032 2462 voluntatem
1053 2407 1167 2462 movet
1188 2419 1255 2462 non
1273 2398 1420 2484 qualiter

201 2502 315 2568 multis
339 2499 482 2566 saeculis
505 2499 661 2564 traditum
686 2509 747 2581 est,
772 2509 804 2564 et
824 2501 995 2576 creditum,
1019 2509 1057 2565 ut
1078 2512 1214 2566 nostrae
1235 2510 1357 2588 postea
1372 2503 1417 2566 sit
1514 2479 1516 2500 ³

201 2605 386 2683 electionis,
409 2603 550 2668 motioni
564 2614 623 2668 aut
639 2605 873 2690 obtemperare
889 2618 947 2670 aut
964 2605 1138 2692 refragari:
1163 2605 1222 2670 sed
1237 2605 1326 2670 illam
1344 2605 1416 2670 efii-

202 2711 327 2776 caciter
354 2707 541 2776 afficiendo.
585 2707 674 2772 lllud
695 2729 774 2796 ergo
801 2711 902 2774 toties
925 2732 945 2773 a
967 2709 1211 2796 Chrysostomo
1238 2710 1415 2796 repetitum

199 2812 367 2900 repudiari
394 2832 533 2876 necessa
560 2819 626 2875 est:
656 2833 754 2898 quem
780 2813 898 2890 trahit,
933 2813 1101 2878 volentem
1128 2813 1240 2877 trahit.
1295 2812 1415 2900 Neque

201 2938 300 2983 secus
318 2915 426 3000 accipi
448 2913 614 2978 sententia
629 2913 752 2980 Christi
771 2925 898 3000 potest:
922 2917 1052 2995 „omnis
1068 2917 1124 3002 qui
1143 2916 1269 2981 audivit
1284 2938 1304 2979 a
1320 2925 1414 3000 patre

199 3040 291 3095 meo,
324 3018 418 3082 venit
442 3016 485 3081 ed
508 3023 582 3080 me“
608 3039 707 3103 quam
734 3025 772 3082 ut
797 3019 965 3084 efficacem
989 3042 1008 3082 a
1034 3041 1070 3083 se
1095 3020 1170 3104 ipsa
1195 3019 1248 3084 dei
1274 3020 1413 3106 gratiam

202 3124 333 3189 doceat.
377 3118 462 3185 Nam
489 3119 633 3183 medium
659 3142 757 3206 quem
786 3121 975 3210 sophistae,
998 3124 1018 3190 i.
1041 3144 1067 3186 e.
1094 3121 1265 3195 catholici,
1299 3123 1412 3208 imagi·
1516 3155 1517 3180 l

203 3233 327 3292 nentur
340 3231 476 3298 motum,
492 3223 546 3286 cui
559 3223 702 3308 obsequi
714 3223 768 3287 vel
780 3247 876 3310 quem
889 3225 1052 3311 repellere
1067 3225 1207 3292 liberum
1223 3234 1283 3304 est,
1299 3238 1412 3312 aperte

160 3357 165 3372 .
203 3327 338 3396 excludi
358 3325 525 3400 videmus,
554 3325 611 3388 ubi
638 3327 797 3390 asseritur
824 3327 943 3392 efficax
966 3328 1008 3393 ad
1029 3328 1308 3415 perseverandum
1330 3350 1410 3394 con·

201 3432 334 3498 stantia.
362 3467 403 3478 -
430 3428 596 3509 Quoniam
624 3427 703 3493 inde
733 3451 826 3494 error
850 3439 951 3495 natus
977 3441 1039 3508 est,
1069 3432 1162 3519 quod
1187 3433 1352 3519 putabant
1376 3433 1409 3496 in
1516 3465 1517 3486 .

201 3557 300 3600 manu
314 3541 432 3598 nostra
447 3553 520 3597 esse
536 3553 694 3617 respuere
709 3533 763 3597 vel
779 3533 930 3620 accipere
946 3535 1093 3600 oblatam
1114 3536 1166 3601 dei
1182 3537 1330 3624 gratiam,
1347 3536 1409 3600 hac

202 3639 361 3726 opinione
376 3635 527 3722 explosa,
550 3634 606 3699 ille
623 3657 759 3723 quoque
775 3646 897 3722 sponte
912 3661 973 3703 sua
989 3640 1146 3704 corruit.“
1168 3676 1210 3688 —-
1232 3639 1333 3715 „Ideo
1349 3662 1408 3725 pu·

201 3747 352 3814 terunt‚“
380 3739 504 3825 inquit,
539 3737 680 3820 (seilicet
700 3741 872 3823 catholici)
901 3763 986 3817 „nos
1012 3741 1179 3809 secundae
1205 3743 1258 3808 dei
1284 3745 1408 3826 gratiae

202 3842 392 3932 cooperari,
417 3841 510 3928 quod
530 3842 638 3905 nostri
654 3843 741 3929 juris
763 3844 806 3908 sit
826 3845 963 3930 primam
985 3847 1122 3933 gratiam
1146 3846 1200 3912 vel
1219 3847 1408 3932 respuendo

200 3950 326 4018 irritam
339 3946 450 4012 facere
465 3944 519 4010 vel
535 3944 729 4012 obedienter
749 3949 922 4034 sequendo
939 3949 1132 4015 confirmare
1142 3948 1204 4031 ὕ).“
1248 3950 1409 4034 „Interea

272 4237 295 4306 ¹)
315 4232 388 4290 Oalv.
400 4234 443 4290 lib.
456 4238 481 4294 3.
495 4246 590 4290 eontra
602 4234 721 4308 Pighium
733 4255 759 4309 p.
772 4237 832 4299 268.

267 4325 294 4394 ²)
314 4321 387 4376 Calv.
400 4321 434 4376 de
446 4322 489 4377 lib.
503 4323 593 4377 arbitr.
607 4323 623 4376 l.
637 4341 658 4380 s.
671 4343 698 4396 p.
710 4327 768 4382 304.

268 4411 293 4482 ³)
312 4408 385 4463 Calv.
398 4407 479 4463 instit.
491 4410 508 4464 l.
521 4412 545 4468 3.
559 4427 581 4463 c.
597 4412 636 4468 15.
649 4427 674 4465 n.
688 4414 711 4467 7.

267 4498 294 4568 4)
313 4496 386 4551 Calv.
399 4497 425 4550 in
437 4497 518 4551 antid.
533 4492 632 4552 concil.
646 4497 775 4564 Trident,
793 4497 827 4552 ad
839 4514 895 4554 can.
907 4501 932 4554 4.
946 4514 1015 4552 sess.
1028 4501 1052 4556 6.
1064 4517 1090 4571 p.
1104 4497 1163 4557 720.

269 4581 295 4666 θ)
314 4581 386 4638 Calv.
398 4583 479 4640 instit.
492 4583 536 4637 lib.
548 4586 574 4640 2.
587 4601 609 4639 c.
622 4587 647 4643 3.
659 4602 685 4641 n.
699 4588 740 4652 10,
754 4589 800 4650 ll;
819 4602 841 4642 a.
855 4587 879 4642 2.
891 4603 917 4638 n.
929 4587 955 4642 6.
967 4585 1009 4640 ed.
1021 4603 1081 4658 gen.
1096 4587 1170 4645 1559.
