3084 5056
772 333 812 402 32

186 539 311 606 illaturi
328 540 594 628 postulaverunt,
617 547 654 604 ut
670 541 929 627 congregatione
945 538 1080 626 publica
1094 560 1132 603 ac
1149 537 1288 603 solemni
1304 535 1394 604 facta

188 651 220 709 et
251 644 385 730 scriptis
415 643 585 728 reciproce
616 642 882 723 communicatis,
913 643 1009 707 venia
1040 641 1289 717 concederetur,
1319 664 1392 706 cum

188 747 387 812 adversariis
419 744 667 833 congrediendi,
697 765 819 809 morem
850 745 1023 832 sequendo
1054 743 1129 822 illo,
1161 767 1201 809 ex
1232 765 1300 831 quo
1331 745 1393 809 sub

188 849 356 915 Clemente
384 848 473 914 VIII.
498 858 531 914 et
556 848 662 914 Paulo
687 847 727 911 V.
755 848 796 912 de
826 847 956 912 auxiliis
983 849 1107 934 gratiae
1136 847 1256 912 divinis
1284 857 1392 912 actum

187 951 315 1018 fuisset.
360 952 452 1038 Papa
482 952 617 1038 negavit
646 951 865 1038 respondem,
895 972 1026 1015 causam
1054 950 1140 1015 circa·
1169 950 1289 1014 librum
1314 949 1393 1014 Ian·

189 1055 359 1120 senianum
378 1057 445 1141 jam
462 1055 596 1134 finitam,
619 1053 737 1117 librum
756 1053 969 1138 prohibitum,
993 1053 1146 1117 omnibus
1163 1053 1393 1138 obtemperan-

191 1159 267 1223 dum
293 1181 376 1237 esse,
400 1157 511 1223 nullas
532 1179 621 1222 nunc
643 1157 889 1232 contentiones,
911 1155 1022 1220 nullas
1039 1156 1125 1238 lites,
1149 1155 1260 1220 nullas
1282 1162 1395 1241 partes

188 1259 396 1325 dirimendas.
442 1262 594 1326 Attamen
616 1259 849 1324 inobedientes
873 1280 982 1346 papae
1003 1259 1150 1324 libellum
1174 1258 1393 1323 memorialem

189 1364 347 1451 scriptum
365 1363 654 1450 obtuleruntque
672 1361 935 1436 declaraverunt,
959 1384 994 1426 se
1010 1363 1142 1427 nonnisi
1161 1362 1344 1426 versatilem
1362 1369 1395 1425 et

188 1467 296 1532 libero
324 1466 461 1531 arbitrio
492 1466 668 1545 subditam,
691 1464 840 1530 Molinae
869 1487 982 1542 sensu,
1007 1467 1143 1551 gratiam
1176 1465 1394 1530 sufficientem

189 1572 398 1658 impugnare;
421 1569 506 1634 sein
522 1569 588 1635 illis
605 1570 754 1656 quinque
770 1568 1058 1654 propositionibus
1075 1571 1211 1656 gratiam
1229 1568 1394 1633 efficacem

188 1673 286 1738 unice
313 1672 507 1749 defendere;
540 1671 622 1736 nihil
649 1673 711 1736 sibi
738 1693 836 1736 curae
862 1671 903 1736 de
926 1670 1085 1736 Jansenio
1114 1695 1197 1754 esse,
1224 1693 1333 1759 neque
1360 1693 1395 1735 se

189 1777 295 1864 ipsius
316 1775 434 1840 librum
459 1775 617 1840 tuendum
640 1797 820 1862 procurare
833 1775 870 1856 ¹).
914 1775 1101 1861 Praepositi
1118 1775 1289 1862 generales
1306 1774 1394 1839 ordi·

188 1903 266 1945 num
288 1879 552 1966 praedicatorum
576 1887 609 1942 et
629 1879 937 1966 augustiniensium,
959 1879 1082 1965 quibus
1105 1901 1177 1943 cum
1198 1877 1393 1944 dansenitici

188 1983 230 2048 ad
247 2004 379 2048 causam
396 1983 769 2069 suam-promovendam
793 1981 1035 2067 sejunxerant,
1059 1982 1142 2047 idem
1158 1981 1226 2047 fere
1242 1991 1394 2069 petentes

188 2087 273 2152 idem
295 2085 366 2152 fere
386 2107 584 2174 responsum
610 2085 768 2164 tulerunt,
789 2094 970 2171 postquam
992 2107 1176 2174 congressu
1200 2087 1270 2151 sive
1292 2086 1394 2151 colla-

189 2191 280 2256 tione
296 2191 365 2277 jam
388 2212 499 2255 mense
519 2189 695 2255 Decembri
718 2189 794 2252 anni
818 2188 908 2252 1651.
931 2187 1020 2252 facta
1036 2189 1076 2254 de
1092 2190 1194 2254 rebus
1211 2188 1394 2254 tractandis

190 2293 378 2358 consentire
408 2295 494 2358 inter
520 2315 555 2357 se
582 2301 683 2378 atque
708 2291 793 2356 uniri
820 2312 887 2354 uon
919 2291 1148 2376 potueruntl).
1207 2289 1260 2356 Ex
1290 2291 1395 2356 altera

189 2405 283 2484 parte
305 2397 440 2462 ineunte
463 2394 661 2461 ann01653.
684 2394 852 2460 Hallerius
874 2416 947 2458 cum
964 2394 1097 2459 duobus
1114 2395 1395 2486 suis-doctoribus

190 2499 393 2580 sorbonicis,
416 2497 546 2586 Lugent
567 2507 600 2563 et
614 2497 759 2572 doiseul,
782 2498 814 2561 in
833 2519 1026 2562 consessum
1044 2498 1273 2563 consultorum
1290 2499 1394 2562 intro·

190 2603 311 2667 ductus
341 2611 402 2680 est,
432 2603 465 2666 in
497 2623 565 2689 quo
597 2601 700 2666 multa
731 2608 847 2664 contra
876 2599 1022 2665 dansenii
1051 2601 1395 2688 dansenianorurnque

190 2705 385 2780 doctrinam,
401 2707 511 2783 vitam,
528 2727 637 2770 mores
653 2705 684 2768 in
702 2703 842 2768 medium
860 2703 1001 2789 protulit
1011 2703 1049 2784 3).

252 2808 444 2872 Janseniani
476 2830 576 2895 quum
607 2815 860 2894 cognoscerent,
891 2806 1078 2892 pontificem
1110 2828 1325 2893 congressum
1357 2828 1395 2870 ac

189 2911 449 2997 disputationem
473 2911 514 2974 ab
538 2911 620 2995 Ipsis
644 2908 846 2995 postulatam
871 2908 1010 2974 concedi
1033 2931 1200 2996 nunquam
1218 2931 1393 2994 passurum

190 3037 274 3095 esse,
298 3015 430 3100 sculptis
450 3036 515 3078 rem
539 3035 630 3076 suam
655 3033 850 3097 promouere
873 3012 1082 3092 studuerunt,
1106 3013 1138 3075 in
1156 3013 1278 3097 quibus
1295 3033 1394 3076 unum

191 3127 323 3182 eentum
347 3126 380 3182 et
402 3116 532 3203 aliquot
551 3115 802 3202 propositiones
826 3137 865 3178 ex
889 3115 982 3180 libris
1005 3113 1204 3178 Jesuitarum
1230 3123 1396 3178 extractas

191 3221 358 3297 exlribuit3
376 3220 566 3299 secundum,
584 3218 676 3306 qnod
692 3217 898 3288 inscribitur:
915 3217 1135 3295 „Brevissima
1152 3218 1299 3304 quinque
1312 3217 1394 3282 Pro·
1467 3288 1477 3310 φ

190 3325 394 3413 positionum
432 3325 464 3388 in
502 3323 614 3388 varios
653 3339 772 3385 sensus
803 3321 1005 3397 distinctio,“
1034 3322 1131 3385 trium
1163 3321 1394 3385 Columnarum

191 3429 325 3506 dictum,
347 3429 458 3492 varios
480 3448 600 3492 sensus
622 3425 685 3488 sub
708 3423 828 3509 triplici
850 3423 936 3486 linea
958 3423 1028 3488 sive
1052 3424 1207 3489 columna
1230 3425 1395 3498 continct;

191 3531 324 3598 tertium
341 3531 381 3596 de
397 3530 596 3596 necessitate
612 3527 737 3616 gratiae
753 3548 772 3590 a
788 3548 823 3591 se
845 3525 988 3592 efficacis
1005 3536 1139 3606 tractat3
1162 3535 1313 3614 quartum
1331 3535 1396 3593 tra-

192 3636 349 3702 ditionem
367 3635 454 3700 circa
470 3656 582 3699 verum
600 3640 633 3697 et
649 3630 850 3696 catholicum
866 3631 991 3716 primae
1004 3631 1246 3718 propositionis
1262 3652 1396 3694 sensum

193 3741 226 3805 in
241 3739 385 3804 medium
402 3737 555 3815 adduoit;
578 3735 728 3824 quintum
752 3734 924 3821 sexaginta
940 3735 1070 3800 circiter
1085 3756 1110 3798 s.
1127 3733 1304 3820 Augustini
1321 3733 1397 3798 loca

193 3844 234 3908 ab
259 3843 408 3908 Hallerio
431 3841 570 3928 ejusque
592 3839 704 3904 amieis
725 3847 840 3903 contra
862 3843 997 3923 primam
1019 3837 1280 3924 propositionem
1304 3835 1395 3901 exhi·

192 3946 262 4011 bita
278 3945 432 4032 explicat,
446 3944 637 4009 dansenium
655 3943 792 4030 gratiam
808 3939 1023 4006 sufficientem
1040 3961 1108 4004 non
1127 3961 1246 4027 negare
1259 3939 1394 4004 demon·

192 4057 286 4114 strat.
330 4048 407 4114 Fuit
429 4059 536 4114 autem
559 4046 792 4112 concinnatum
814 4045 972 4130 scripturn
990 4043 1124 4122 „Trium
1142 4043 1396 4108 Columnarum“

192 4149 344 4240 pontifici
362 4172 449 4217 anno
467 4150 558 4217 1653.
575 4151 627 4216 die
646 4149 693 4214 19.
711 4147 790 4234 llaji
807 4147 965 4227 oblatum,
981 4146 1047 4211 hoc
1062 4145 1179 4211 modo:

266 4409 289 4480 ¹)
307 4407 419 4462 doumal
436 4406 469 4461 de
487 4407 515 4461 S.
532 4405 643 4461 Amour.
678 4401 704 4476 Ξ)
722 4401 842 4461 Historia
854 4401 985 4479 generalis
997 4397 1167 4471 dansenismi,
1179 4410 1242 4458 tom.
1259 4403 1280 4460 l.
1294 4421 1320 4474 p.
1335 4399 1394 4460 487.

182 4501 224 4550 'et
240 4493 299 4553 504.
319 4496 389 4569 apud
408 4495 509 4549 'I'ouru
547 4495 571 4565 8)
590 4493 692 4548 Relatio
709 4493 798 4549 Lucae
816 4493 964 4564 Vvadingbi
982 4494 1007 4546 in
1019 4493 1095 4558 libro,
1109 4493 1149 4546 cui
1161 4491 1265 4544 titulus:
1278 4487 1395 4542 Ilcsense

196 4583 228 4644 de
240 4581 348 4660 l’Eglise
361 4583 487 4638 Romaine
499 4600 526 4656 p.
538 4584 607 4648 415,
620 4598 662 4658 ap.
674 4580 775 4638 Toum.
