3050 5046
776 321 820 390 90

191 527 224 588 et
238 530 452 608 peccatorum
468 545 572 610 opera
587 547 656 590 non
672 533 752 590 sunt
767 533 913 612 peccata,
929 527 1085 612 gratiae
1102 527 1242 594 actualis
1258 529 1398 607 auxilio,
1494 536 1499 549 '

190 625 283 712 quod
298 648 318 689 a
333 626 396 692 deo
414 628 567 693 omnibus
583 632 682 694 etiam
697 628 852 696 fidelibus
869 639 902 693 ct
915 633 1151 716 peccatoribus
1167 632 1274 709 datur,
1297 633 1399 698 homo

189 737 304 815 potest
329 731 425 794 etiam
452 744 528 796 ante
554 754 647 797 suam
671 733 945 819 justificationem
966 755 1069 819 opera
1095 736 1185 799 bona
1209 735 1398 802 difficiliora

189 853 349 919 peragere
376 843 409 898 et
434 837 608 920 graviores
635 837 839 901 tentationes
866 857 1033 922 superare.
1078 838 1343 905 Praedestinatio
1365 848 1399 906 et

188 937 383 1022 reprobatio
400 937 557 1004 absoluta
571 939 618 1004 ita
632 961 700 1004 non
717 940 882 1004 statuitur.

253 1039 371 1126 Neque
398 1063 477 1106 vero
509 1042 707 1118 omittimus,
743 1041 906 1106 Jacobum
932 1040 1103 1108 Uesuuium
1133 1041 1260 1128 (Usser)
1288 1043 1399 1109 Calvi-

187 1141 305 1208 nistam
327 1143 488 1230 insignem
506 1144 699 1222 Hibernum‚
722 1144 892 1222 Janscnio,
917 1146 975 1233 qui
991 1145 1173 1212 Calvinista
1189 1168 1279 1212 novo
1296 1147 1396 1212 modo

187 1246 324 1322 exstitit,
347 1247 451 1312 multa
475 1247 518 1312 ad
535 1247 717 1313 doctrinam
738 1249 937 1314 exarandam
960 1249 1130 1324 adtulisse,
1155 1249 1398 1338 cujusUsserii

186 1348 285 1416 liber:
320 1349 560 1416 Gotheschalci
590 1361 623 1418 et
652 1351 976 1437 praedestinatianae
1005 1354 1254 1419 controversiae
1284 1355 1327 1418 ab
1356 1376 1396 1420 co

187 1460 298 1519 motae
317 1451 467 1518 historia.
513 1453 613 1518 Dubl.
641 1475 730 1518 anno
760 1455 850 1522 1631.
877 1457 906 1520 4.
928 1456 962 1519 in
989 1455 1094 1520 lucem
1118 1456 1251 1541 prodiit.
1296 1456 1396 1522 Hunc

185 1555 322 1632 librum,
352 1556 450 1622 sicuti
473 1551 602 1622 Caluini
625 1558 750 1643 scripta
772 1558 1041 1644 excerpsisseac
1061 1559 1265 1625 multimodis
1287 1569 1397 1626 traus-

187 1658 362 1744 scripsisse
383 1659 562 1724 Jansenius
588 1660 759 1745 dicitur¹).
804 1665 926 1746 Aperte
952 1661 1069 1726 saltem
1097 1673 1202 1748 patet,
1226 1685 1281 1740 ea,
1307 1685 1392 1751 quae

183 1759 363 1827 dansenius
386 1762 427 1826 de
455 1763 609 1850 neganda
630 1763 758 1828 haeresi
782 1764 1084 1849 praedestinatiana
1111 1777 1144 1830 et
1168 1767 1393 1853 impugnanda

167 1921 169 1924 .
186 1865 317 1950 synodo
334 1866 519 1932 Arelatensi
536 1867 680 1954 scripsit,
706 1868 908 1932 verbotenus
924 1867 994 1932 fere
1009 1870 1042 1932 in
1057 1867 1144 1934 libro
1161 1869 1227 1934 hoc
1241 1871 1394 1956 reperiri;

185 1969 218 2036 in
247 1991 315 2056 quo
344 1969 502 2034 catholici
530 1970 767 2057 objurgantur,
794 1970 915 2057 „qu’ils
938 1980 998 2036 ont
1032 1970 1091 2038 ose'
1112 1971 1214 2038 e'crire
1241 1995 1303 2059 par
1330 1997 1394 2038 une

185 2070 321 2158 e'trange
342 2072 514 2150 calomnia,
538 2095 604 2160 quc
625 2073 674 2138 les
691 2075 892 2140 Calvinistes
914 2075 1050 2140 avoient
1068 2074 1167 2140 retice
1188 2076 1230 2140 de
1250 2076 1394 2142 l’infame

185 2175 341 2239 tombeau
364 2175 423 2238 des
446 2177 623 2240 anciennes
645 2176 793 2244 heresias
815 2177 950 2243 l’erreur
965 2178 1024 2243 des
1040 2178 1393 2258 Predostinatieusllf‘

186 2276 295 2358 Quum
318 2277 437 2342 deinde
459 2276 614 2343 Usserius
636 2280 774 2346 alterum
796 2281 915 2346 librum
937 2281 1059 2367 publici
1075 2282 1162 2368 juris
1183 2282 1337 2362 fecisset,
1360 2285 1393 2350 in

186 2403 254 2468 quo
286 2381 447 2467 epistolas
473 2381 588 2447 Fausti
619 2391 652 2448 et
677 2383 810 2460 Incidi,
844 2384 885 2448 de
914 2385 1037 2471 quibus
1067 2401 1164 2450 antea
1194 2395 1303 2451 actum
1334 2399 1394 2468 est,

185 2484 461 2572 semipelagianus
486 2507 596 2572 neque
622 2487 800 2551 aconcilio
827 2487 1031 2573 approbatas
1058 2509 1132 2554 esse
1159 2490 1395 2566 contendebat,

183 2587 394 2653 dansenistae
425 2589 536 2653 statim
567 2611 640 2654 eum
671 2599 911 2676 excerpserunt
937 2595 960 2674 l.
1020 2591 1140 2656 Exstat
1168 2590 1268 2660 liber:
1303 2594 1392 2674 „Jao

187 2689 340 2758 Usserius
356 2691 575 2756 armachanus
591 2693 880 2780 archiepiscopum
897 2694 1038 2762 historia
1053 2695 1241 2782 dogmatica
1257 2707 1392 2764 contro·

184 2794 312 2861 versiae
337 2795 425 2860 inter
451 2796 664 2862 orthodoxos
691 2806 724 2864 et
747 2798 941 2884 pontificios
968 2798 1010 2862 dc
1036 2798 1210 2884 scripturis
1236 2801 1341 2866 sacris
1360 2809 1392 2868 et

184 2897 372 2965 vernaculis
388 2921 476 2966 nunc
492 2900 632 2986 primum
647 2901 745 2980 edita,
769 2901 914 2966 Londini
932 2900 1046 2967 1690.“

247 3001 493 3068 Jansenismum
512 3011 633 3069 auctor
653 3004 787 3090 quidam
815 3003 957 3091 gallicus
986 3005 1292 3090 protestantismum
1313 3006 1392 3072 dicit

183 3105 289 3174 fuisse
302 3112 464 3170 terrarum
477 3106 739 3186 romanarum⁴l3
763 3108 810 3189 (et
829 3106 903 3184 fuit,
926 3107 1084 3193 adjungo,
1106 3107 1345 3176 Liberalismus
1360 3118 1392 3174 et

183 3199 454 3296 Iosephinismus
488 3209 522 3273 iu
550 3208 838 3292 Franco-Gallim)
875 3232 944 3275 nou
974 3232 1093 3296 parum
1120 3212 1161 3276 ab
1188 3212 1254 3278 isto
1281 3213 1391 3292 distat,

185 3313 278 3402 quod
300 3312 386 3378 alius
409 3311 474 3376 alio
498 3312 575 3378 loco
599 3313 744 3400 scriptor
766 3313 907 3400 gallicus
929 3323 1080 3380 recenter
1101 3315 1251 3382 exbibet:
1282 3315 1390 3392 „Suus

256 3671 280 3736 ¹)
298 3670 338 3723 La
351 3669 501 3726 Naissance
518 3672 553 3725 du
571 3671 740 3726 darrscnisme
758 3672 917 3725 decouvcrte
933 3672 959 3725 A
976 3672 1169 3744 Monseigneur
1183 3674 1221 3728 Lc
1240 3673 1392 3729 Chaucelier

184 3762 237 3811 Par
253 3757 278 3810 Ie
291 3756 421 3811 SieurDe
434 3757 554 3813 Preville.
590 3758 747 3812 ALouvain
760 3758 819 3812 clo
832 3756 962 3814 OCILIV.
998 3759 1162 3814 Extraitdes
1175 3761 1267 3814 lettres
1285 3761 1393 3815 dedan·

185 3844 276 3899 sanius
289 3843 306 3898 'a
317 3844 412 3898 t’Abbe
425 3844 458 3898 de
472 3845 500 3898 S.
515 3845 613 3916 Cyrnn,
632 3845 726 3916 depuis
739 3845 791 3899 l'an
807 3848 880 3902 1617.
890 3845 1006 3917 jusques
1020 3846 1099 3899 al'an
1113 3850 1196 3912 1635„
1210 3849 1286 3920 epist.
1301 3851 1335 3914 7.,
1355 3849 1393 3902 De

184 3931 305 3986 Louvain
317 3931 341 3984 le
354 3933 378 3986 3.
392 3931 425 3984 dc
435 3931 527 3986 tuillet
540 3936 615 3990 1619.
629 3940 656 3986 et
669 3933 745 4003 epist.
759 3935 792 3989 87
795 3970 801 3984 .
821 3930 861 3984 Dc
874 3931 993 3986 Louvain
1005 3933 1029 3986 Ie
1044 3936 1083 3990 16.
1097 3933 1131 3988 dc
1143 3933 1219 3987 Mars
1234 3938 1308 3992 1630.

253 4019 279 4090 2)
298 4016 436 4069 Tradition
457 4017 490 4072 dc
508 4018 610 4089 l'eglisc
630 4019 779 4090 catholique
798 4024 824 4072 at
842 4017 874 4071 de
893 4018 919 4072 la
931 4019 1024 4073 sanese
1037 4019 1121 4090 eglise
1134 4021 1181 4074 dcs
1194 4020 1346 4092 heretiques
1360 4021 1394 4076 dn

185 4103 290 4158 dernier
313 4102 406 4156 siecle:
432 4121 479 4156 sur
501 4105 527 4156 la
546 4105 666 4158 doctrine
685 4105 718 4158 de
735 4104 893 4170 danseuius,
917 4106 1044 4158 touchant
1060 4105 1086 4158 le
1104 4105 1182 4160 Libra
1201 4108 1307 4162 Arbitre
1326 4117 1354 4162 et
1370 4109 1394 4162 la

186 4191 281 4244 Gracc.
316 4187 371 4241 Par
393 4187 418 4241 lc
440 4187 471 4242 P.
489 4190 618 4244 Esticnne
642 4191 683 4245 De
702 4191 832 4262 Champs‚
860 4191 892 4244 de
911 4191 1075 4264 Compagnie
1099 4193 1132 4246 de
1149 4193 1239 4248 desua.
1275 4197 1301 4247 A
1318 4193 1392 4250 Paris

185 4277 223 4330 M.
237 4276 294 4330 DC.
306 4274 489 4330 LXXXVIII.
502 4295 528 4348 p.
542 4281 600 4343 293,
618 4281 676 4344 294,
695 4282 754 4343 307,
773 4280 831 4335 308.

256 4364 280 4430 ³)
300 4362 340 4416 Dc
354 4361 484 4432 Champe‚
508 4363 525 4416 l.
538 4382 560 4416 c.

254 4450 279 4518 ⁴)
297 4447 433 4512 nathalia,
453 4451 529 4506 1857.
547 4449 631 4520 April.
652 4449 683 4502 V.
703 4449 776 4513 XLI,
