3084 5056
624 349 823 450 „aL

115 573 227 640 nsque
243 551 284 618 ad
301 551 480 628 Christum,
497 551 625 617 nullum
641 573 682 616 ex
698 553 853 638 gentibus
869 575 930 638 per
944 553 1082 639 primam
1097 554 1159 619 Dei
1175 553 1325 642 gratiam,

116 655 149 719 id
172 661 235 730 est,
258 654 443 742 perlegam
467 663 616 730 naturae,
639 655 672 719 in
695 655 871 720 adventum
889 655 1010 721 Christi
1027 657 1132 722 fuisse
1148 657 1327 724 salvatum:

117 767 149 824 et
164 757 261 845 quod
285 779 400 822 omnes
422 757 560 824 liberum
583 758 753 823 arbitrium
774 759 809 823 in
830 758 938 845 primo
955 767 1092 845 parente
1108 759 1327 846 perdiderint;

116 859 147 943 8)
176 861 236 947 qui
263 860 345 926 dicit
373 860 596 938 Patriarchas,
626 883 665 926 ac
694 861 883 948 Prophetas
913 860 967 926 vel
997 883 1143 926 summos
1174 883 1329 950 quosque

116 963 328 1039 Sanctorum,
354 964 449 1030 etiam
477 973 554 1030 ante
581 963 819 1050 redemptionis
842 975 994 1050 tempora
1021 965 1108 1030 iutra
1133 965 1328 1031 Paradisum

116 1065 283 1152 deguisse.
329 1065 421 1130 Haec
444 1067 563 1144 omnia,
587 1068 683 1153 quasi
704 1067 814 1154 impia,
838 1075 871 1133 et
893 1067 1075 1154 sacrilegiis
1098 1068 1226 1154 repleta
1248 1089 1328 1134 con-

118 1169 253 1234 demno.
296 1167 349 1233 Ita
370 1177 479 1234 autem
502 1189 617 1234 assero
639 1171 782 1256 gratiam*
798 1169 870 1244 Dei,
893 1179 931 1234 ut
952 1170 1103 1234 annisum
1120 1169 1273 1247 hominis,
1298 1183 1331 1235 et

118 1280 288 1346 conatum,
319 1271 445 1358 gratiae
476 1293 606 1358 semper
635 1273 829 1360 adjungam:
864 1284 899 1337 et
926 1272 1113 1336 libertatem
1144 1273 1329 1339 voluntatis

117 1373 286 1440 humanae
301 1395 369 1438 non
386 1374 575 1452 extinctam,
592 1376 652 1441 sed
667 1385 881 1450 attenuatam,
904 1383 937 1440 et
951 1375 1145 1440 infirmatam
1162 1399 1236 1442 esse
1252 1398 1330 1463 pro·

117 1477 289 1554 nunciem3
314 1485 347 1542 et
369 1476 549 1563 periclitari
573 1499 656 1554 eum,
680 1481 737 1566 qui
761 1479 875 1545 salvus
900 1487 968 1544 est:
992 1489 1025 1544 et
1047 1500 1131 1552 eum,
1154 1479 1212 1566 qui
1234 1480 1330 1565 perit,

119 1581 273 1666 potuisse
289 1579 444 1646 salvari.“

183 1683 307 1765 Quoad
330 1683 481 1770 quintum
505 1683 690 1762 articulum,
713 1693 847 1750 strenue
862 1683 1063 1750 monendum
1079 1692 1139 1758 est,
1163 1705 1203 1746 eo
1221 1703 1330 1749 sacra·

119 1796 231 1852 mente
258 1787 421 1864 evacuari,
448 1795 656 1852 sacramenta
682 1789 803 1862 otiosa,
829 1787 955 1852 sterilia
979 1787 1014 1850 in
1041 1787 1081 1850 iis
1104 1807 1188 1861 esse,
1216 1786 1272 1872 qui
1289 1785 1332 1851 ad

121 1889 290 1956 interitum
306 1890 542 1976 praedestinati
566 1890 643 1966 sint,
664 1899 870 1954 sacramenta
895 1889 1058 1976 ejusmodi
1074 1888 1331 1975 praedestinatis

123 2014 231 2079 neque
257 2002 397 2079 peccata
421 1993 594 2069 dimittere,
619 1995 730 2080 'neque
752 1993 892 2080 gratiam
915 1992 1077 2058 conferre.
1123 1991 1329 2077 Comprobat

127 2097 319 2160 sententiam
343 2095 432 2160 hanc
448 2095 604 2173 Faustus,
627 2097 685 2184 qui
700 2097 787 2160 inter
801 2095 963 2160 articulos
978 2095 1108 2161 Lucido
1124 2095 1332 2160 damnandos

128 2197 215 2262 lmnc
232 2199 326 2264 etiam
342 2198 487 2284 profert:
513 2199 615 2276 „Item
631 2197 806 2263 anatliema
823 2198 881 2275 illi,
899 2199 957 2284 qui
974 2198 1140 2264 hominem
1157 2220 1230 2263 cum
1242 2197 1333 2262 fideli

129 2299 338 2367 confessione
364 2301 558 2368 solemniter
583 2301 797 2388 baptizatum,
828 2310 862 2366 et
891 2313 1094 2368 asserentem
1125 2299 1333 2366 Catholicam

125 2402 228 2482 fidem,
260 2415 293 2470 et
321 2405 534 2490 postmodum
565 2426 626 2491 per
654 2405 788 2470 diversa
818 2405 931 2468 mundi
957 2404 1059 2492 hujus
1090 2403 1334 2468 oblectamenta

123 2507 328 2595 prolapsum,
349 2509 384 2573 in
400 2509 514 2585 Adam,
537 2516 571 2573 at
593 2508 745 2596 originali
761 2517 902 2594 peccato
927 2509 1065 2594 periisse
1081 2505 1333 2579 asseruerit¹).“

123 2611 155 2674 Si
172 2611 275 2698 igitur
289 2611 441 2677 homines
457 2611 656 2698 baptismate
673 2620 813 2697 accepto
828 2619 977 2696 pereunt,
993 2621 1026 2674 et
1043 2620 1182 2696 pereunt
1194 2618 1334 2696 propter

124 2722 296 2799 peccatum
313 2714 345 2780 in
361 2715 488 2780 Adamo
505 2714 695 2791 admissum,
717 2714 884 2802 baptisma
900 2721 1072 2800 peccatum
1089 2711 1250 2798 originale
1265 2733 1334 2776 non

122 2817 242 2884 auffert
271 2839 381 2904 neque
411 2819 548 2905 gratiam
579 2817 719 2883 confert.
777 2817 827 2882 Ita
857 2817 953 2882 etiam
981 2817 1127 2902 objectio
1159 2815 1331 2880 Gallorum

122 2920 273 2985 secunda
295 2920 447 2986 exhibet:
472 2923 535 2997 „At
556 2921 615 2998 eis,
638 2921 696 3008 qui
717 2941 787 2986 non
807 2929 887 2991 sunt
907 2918 1145 3005 praedestinati
1165 2919 1333 2994 advitam,
1392 2989 1394 3000 ‚

122 3045 191 3088 uon
228 3023 337 3088 aufert
368 3032 530 3110 percepta
564 3023 721 3110 baptismi
756 3022 864 3110 gratia
894 3021 1056 3110 originale
1088 3021 1333 3107 peceatum2).“

122 3127 213 3196 Idem
240 3127 350 3213 ipsum
376 3127 544 3214 estquod
568 3125 839 3210 Gotheschalcus
860 3126 1005 3202 recoxit3
1032 3125 1117 3190 idem
1141 3124 1234 3212 quod
1257 3124 1333 3189 Cal·

123 3232 223 3296 vinus
246 3229 372 3308 docuit,
393 3230 594 3316 reprobatus
610 3230 752 3297 concilio
774 3228 988 3296 Tridentino:
1011 3227 1068 3308 „Si
1084 3227 1159 3315 quis
1169 3226 1333 3314 justifica·

123 3333 226 3398 tionis
241 3333 380 3420 gratiam
396 3334 530 3399 nonnisi
546 3332 803 3420 praedestinatis
818 3329 862 3398 ad
877 3333 976 3397 vitam
993 3331 1187 3418 contingere
1202 3329 1332 3410 dixerit,

124 3435 273 3523 reliquos
296 3458 375 3502 vero
399 3457 523 3514 omnes,
548 3439 605 3525 qui
625 3445 800 3515 vocantur,
822 3435 936 3503 vocari
952 3434 1095 3522 quidem,
1118 3432 1180 3498 sad
1194 3433 1332 3521 gratiam

124 3560 194 3604 uon
216 3538 378 3626 accipere,
399 3546 519 3626 utpote
541 3539 654 3606 divina
676 3532 844 3625 potestate
860 3538 1128 3624 praedestinatos
1144 3535 1187 3602 ad
1202 3536 1332 3613 malum,

123 3639 300 3706 anathema
315 3640 429 3722 sitl).“
1084 3699 1088 3706 .

190 3743 332 3810 Exsistit
362 3745 463 3832 igitur
493 3745 638 3833 epistola
667 3767 687 3809 a
715 3745 841 3810 Fausto
873 3743 915 3808 ad
947 3743 1107 3809 Lucidum
1138 3742 1334 3828 scripta-in

124 3848 270 3935 epistola
293 3849 450 3934 dogmata
467 3849 770 3934 praedestinatiana
786 3869 806 3910 a
821 3846 949 3912 Lucido
968 3847 1143 3932 proposita
1159 3843 1334 3932 proferun-

124 3962 180 4017 tur
196 3951 363 4017 catbolica
378 3951 530 4016 doctrina
546 3951 738 4037 explanata,
758 3950 902 4036 epistola
923 3948 965 4014 ad
982 3950 1149 4036 synodum
1164 3947 1335 4014 Arelaten-

125 4077 196 4122 sem
226 4054 389 4132 defertur,
421 4063 532 4140 patres
563 4054 686 4141 synodi
716 4053 893 4140 epistolam
924 4052 1161 4138 comprobant,
1191 4073 1334 4118 errorem

123 4157 256 4224 Lucido
278 4159 502 4224 revocandum
526 4179 606 4222 esse.
623 4166 792 4231 statuunt,
817 4155 965 4221 Lucidus
989 4176 1118 4220 errores
1147 4175 1335 4242 agnoscens

19 4317 21 4354 5
124 4261 241 4328 libello
264 4260 505 4328 emendationis
527 4261 732 4348 conscripto,
753 4260 872 4326 exinde
889 4259 931 4325 ad
953 4259 1133 4345 episcopos
1150 4258 1335 4346 gallicanos

199 4517 220 4585 ¹)
238 4515 320 4588 Apud
333 4515 412 4571 Sirm.
426 4519 444 4575 l.
457 4521 480 4575 4.
495 4534 521 4588 p.
535 4519 595 4572 416.
609 4533 631 4568 c.
673 4517 699 4586 ²)
718 4513 769 4584 Op.
783 4531 804 4566 s.
820 4511 916 4586 Prosp.
930 4533 954 4568 n.
970 4517 1009 4566 ed,
1023 4531 1048 4584 p.
1064 4515 1122 4569 206.

195 4605 219 4676 ³)
239 4603 314 4656 Sess.
329 4607 352 4660 6.
365 4621 387 4658 c.
407 4607 445 4660 17.
907 4609 909 4612 ’

1097 4684 1135 4742 50
