3084 5056
282 1535 337 1609 De
355 1537 381 1609 J
381 1535 590 1610 ansonismi
607 1534 768 1627 origine,
787 1535 961 1611 doctrina
978 1538 1020 1608 et
1036 1533 1206 1624 historia.

694 1734 794 1748 ΜΜΜΜ

138 1843 249 1960 Jesus
284 1885 456 1962 Christus,
488 1885 577 1951 filius
610 1885 679 1963 dei,
713 1885 868 1950 dominus
902 1897 935 1951 et
969 1884 1118 1950 salvator
1150 1873 1280 1967 noster,
1313 1891 1352 1948 ut

139 1989 273 2074 lapsum
301 1987 484 2065 hominem,
519 1990 553 2052 in
589 1990 749 2076 abyssum
777 1991 931 2054 interitus
961 1989 1147 2054 immersum
1176 1987 1349 2052 mortalem

139 2100 354 2166 restauraret,
371 2092 402 2155 iu
417 2092 580 2178 integrum
595 2094 795 2174 restitueret,
812 2093 854 2158 ad
870 2099 991 2157 statum
1008 2093 1183 2178 pristinum
1200 2093 1350 2178 erigeret,

141 2203 176 2260 et
188 2195 231 2259 ad
243 2194 338 2260 finem
350 2197 586 2281 praestitutum
598 2207 782 2274 revocaret,
799 2219 817 2260 a
828 2196 904 2260 labe
917 2204 949 2261 et
962 2217 1072 2282 poena
1089 2218 1163 2260 eum
1173 2194 1350 2260 liberando

141 2321 182 2364 ex
196 2298 293 2384 primi
309 2299 456 2384 parentis
473 2298 596 2364 delicto
610 2300 708 2364 sicuti
724 2322 764 2364 ex
780 2308 992 2384 peccatorum
1004 2299 1215 2384 propriorum
1229 2298 1349 2363 admis-

140 2402 236 2466 sione
257 2402 360 2478 natis,
388 2401 534 2488 ideoque
561 2401 604 2465 ad
632 2401 685 2466 dei
708 2403 913 2467 consortium
936 2401 1090 2488 coelique
1113 2400 1351 2465 beatitudinem

141 2528 214 2570 eum
231 2504 447 2582 adducendo,
469 2518 622 2569 naturam
636 2505 813 2570 humanam
829 2506 1025 2592 assumpsit,
1049 2505 1160 2568 omnia
1177 2503 1261 2568 mala
1276 2526 1350 2590 per-

142 2631 273 2695 pessus,
290 2609 387 2673 morti
405 2612 513 2673 crucis
530 2629 566 2670 se
582 2607 719 2673 addixit.
767 2607 887 2674 Omnia
903 2609 1004 2696 igitur
1019 2608 1052 2671 in
1068 2607 1213 2671 hominis
1225 2608 1351 2672 instau-

143 2713 288 2788 ratione,
313 2711 501 2798 peccatoris
518 2710 776 2796 justificatione,
799 2715 920 2776 mortui
944 2710 1210 2786 resuscitatione,
1233 2709 1352 2774 infirmi

143 2815 429 2899 corroboratione,
446 2813 587 2879 viatoris
602 2813 636 2876 in
652 2816 793 2899 patriam
808 2814 1023 2879 revocatione
1039 2813 1151 2899 posita
1167 2822 1254 2877 snut.
1299 2814 1352 2877 Ad

143 2916 236 2992 haec,
260 2940 347 3004 quae
369 2940 496 2982 summa
518 2916 665 2981 hominis
681 2931 869 2994 censentur,
893 2917 1106 3004 assequenda
1121 2917 1246 3002 gratiae
1262 2915 1352 2980 dona

145 3019 274 3093 dantur,
299 3043 340 3084 ex
357 3020 479 3086 Christi
496 3019 621 3084 meritis
638 3028 831 3104 comparata
851 3043 890 3084 ac
906 3041 1078 3098 concessa,
1101 3019 1223 3106 quibus
1245 3018 1352 3104 adjuti

144 3120 187 3185 ad
211 3121 351 3206 patriam
374 3123 552 3188 coelestem
576 3121 772 3186 anhelantes
795 3123 997 3188 tentationes
1020 3133 1189 3209 superent,
1213 3132 1351 3206 peecata

144 3225 265 3300 vitent,
298 3224 462 3310 justitiam
499 3235 766 3313 cousequantur,
798 3225 831 3288 in
856 3225 1098 3312 justificatione
1128 3235 1353 3310 perseverent,

145 3336 240 3393 aetus
257 3327 326 3392 vita
348 3339 481 3394 aeterna
497 3331 618 3418 dignos
636 3328 817 3415 perficiant,
840 3350 979 3416 regnum
995 3328 1142 3392 coeleste
1158 3328 1353 3392 sortiantur.

146 3430 239 3496 Circa
259 3431 398 3518 gratiam
421 3431 522 3518 igitur
544 3434 684 3520 ejusque
705 3432 892 3506 notionem,
916 3431 1092 3506 rationem,
1118 3430 1353 3506 conditionem,

144 3540 304 3610 naturam,
331 3531 484 3598 effectum
506 3557 635 3621 semper
657 3535 891 3622 theologorum
914 3533 978 3599 fuit
994 3535 1166 3599 disserere.
1212 3534 1262 3600 De
1277 3533 1354 3600 Jan-

146 3637 280 3702 senismi
305 3638 442 3724 origine,
466 3637 629 3714 doctrina,
653 3639 793 3704 historia
817 3661 917 3726 quum
935 3637 1146 3724 propositum
1162 3638 1221 3716 sit,
1246 3659 1353 3726 agere,

145 3739 362 3826 praecipuum
385 3741 447 3806 erit
470 3752 571 3828 caput
592 3743 634 3808 de
657 3744 772 3830 gratie,
796 3742 889 3828 quod
905 3752 1014 3806 cetera
1031 3750 1223 3826 sequentur.
1268 3740 1354 3806 Nam

144 3845 177 3908 in
194 3866 233 3908 eo
251 3844 462 3928 potissimum
485 3847 587 3910 cardo
607 3847 709 3910 totius
725 3846 897 3910 doctrinae
912 3845 1137 3910 Janseniticae
1154 3843 1353 3910 devolvitur.

145 3948 307 4024 Attamen,
338 3956 375 4010 ut
405 3957 495 4013 recte
525 3948 566 4013 de
597 3948 703 4035 gratia
728 3949 761 4012 in
788 3958 879 4012 statu
904 3948 1049 4012 hominis
1074 3945 1163 4032 lapsi
1190 3969 1354 4014 concessa

146 4046 354 4126 disseramus,
381 4071 467 4134 opus
489 4051 561 4127 erit,
585 4051 625 4116 de
641 4052 767 4136 gratiae
790 4052 949 4116 subsidiis
965 4073 1064 4138 agere
1080 4049 1206 4114 homini
1220 4051 1353 4138 integro

146 4158 246 4236 etque
266 4152 435 4217 innocenti
459 4152 562 4228 datis,
587 4155 743 4240 quoniam
766 4155 955 4220 necessaria
974 4155 1061 4220 inter
1081 4161 1256 4240 utramque
1278 4175 1352 4242 gra-

144 4251 223 4318 tiam
247 4256 410 4320 connexio
435 4263 496 4334 est,
522 4278 632 4343 neque
656 4256 807 4323 doctrina
831 4267 898 4323 tum
922 4257 1084 4323 ecclesiae
1108 4265 1177 4322 tum
1203 4255 1353 4322 Jansenii

143 4355 289 4444 intelligi
319 4366 447 4444 potest,
479 4359 544 4424 nisi
572 4359 717 4425 hominis
746 4361 937 4428 innocentis
967 4371 1000 4428 et
1028 4360 1115 4447 lapsi
1144 4359 1293 4426 conditio
1320 4373 1353 4425 et

143 4461 247 4548 gratia
271 4461 498 4528 conferantur.
548 4461 599 4528 Ea
618 4463 695 4528 ideo
718 4474 751 4532 et
772 4473 916 4544 tantum,
941 4487 1026 4554 quae
1047 4464 1090 4530 ad
1111 4471 1261 4530 nostram
1282 4486 1352 4530 rem

144 4565 276 4650 proprie
292 4566 450 4647 attinent,
467 4566 723 4634 exhibebuntur.

1136 4673 1150 4728 l
