3050 5046
693 275 894 378 Q

190 493 258 550 tate
274 479 388 550 divina
403 480 619 549 antecedente
630 482 802 548 'destinata
816 481 932 560 tendit,
947 483 1047 570 igitur
1061 484 1167 570 gratia
1182 504 1251 548 non
1266 503 1403 570 semper

191 611 263 652 enm
288 588 438 654 effectum
462 586 695 672 consequitur,
718 609 816 672 quem
838 585 921 650 deus
944 586 1030 662 vult,
1066 607 1145 672 ergo
1169 587 1198 651 ei
1220 589 1401 654 resistitur.

190 691 291 756 Falsa
306 690 439 778 quidem
455 700 488 754 et
502 689 652 764 illusoria
675 690 871 765 resistentia,
896 691 1052 774 quoniam
1069 689 1170 754 homo
1185 691 1296 755 viator
1310 711 1400 754 non·

189 794 255 858 nisi
275 796 310 858 in
333 792 535 881 quibusdam
557 792 814 857 circumstantiis
837 801 870 856 et
891 790 1186 876 dispositionibus,
1215 793 1249 857 in
1270 794 1399 880 quibus

190 898 297 985 gratia
315 897 424 974 datur,
447 896 477 960 ei
497 896 651 961 resistere
665 904 796 980 potest3
819 916 919 981 quum
936 904 1043 958 autem
1060 897 1165 982 gratia
1181 917 1295 982 parva,
1318 898 1398 962 viri-

185 999 254 1064 bus
290 999 583 1085 concupiscentiae
619 999 772 1082 superius
809 1008 843 1062 et
878 997 1107 1062 vehementius
1146 999 1403 1080 reluctantibus,

189 1103 284 1189 juxta
307 1102 532 1177 dansenistas‚
566 1101 699 1187 plenum
729 1111 762 1166 et
792 1100 973 1186 perfectum
1000 1101 1152 1166 eflectum
1185 1103 1298 1167 sortiri
1329 1125 1401 1167 non

191 1213 315 1290 potest,
339 1205 368 1269 ci
388 1219 421 1269 et
441 1204 541 1290 plene
557 1215 590 1268 et
605 1203 761 1290 perfecte,
784 1205 900 1290 itaque
916 1205 1050 1268 omnino
1066 1205 1175 1272 resisti
1191 1227 1260 1268 non
1276 1216 1399 1290 potest.

252 1307 326 1372 Jam
356 1328 441 1372 vero
466 1307 706 1394 Jansenianae¹
725 1305 898 1371 doctrinae
935 1316 1082 1394 systema
1110 1315 1143 1372 ct
1172 1307 1398 1372 conditionem

190 1430 395 1496 cognoscere
425 1407 610 1473 intendenti
636 1409 678 1473 ad
706 1408 851 1474 hominis
878 1410 1037 1496 originem
1063 1409 1300 1474 recurrendum
1331 1421 1397 1488 cst;

190 1533 265 1576 nam
287 1512 321 1576 in
343 1519 433 1576 statu
449 1511 593 1575 hominis
609 1511 777 1596 primaevo
793 1512 922 1578 radices
937 1513 1027 1577 illius
1044 1513 1173 1577 arboris
1188 1512 1350 1577 fundatae
1365 1523 1399 1578 et

189 1614 316 1680 defixae
339 1623 427 1691 sunt,
451 1636 537 1701 quae
560 1637 601 1679 ex
624 1614 777 1678 doctrina
791 1614 992 1680 Janseniana
1016 1613 1172 1681 excrevit.
1216 1615 1396 1701 Triplicem

189 1717 312 1784 scimus
336 1739 410 1782 esse
432 1738 547 1782 revera
569 1725 701 1796 statum,
723 1717 758 1782 in
781 1740 849 1804 quo
873 1719 974 1783 homo
998 1719 1097 1784 adeo
1114 1729 1264 1784 creatore
1282 1729 1316 1783 et
1331 1722 1395 1785 sal·

189 1830 305 1886 vatore
328 1821 483 1885 conditus
506 1821 632 1886 versari
654 1831 783 1906 potest:
806 1831 928 1886 statum
952 1831 1089 1886 naturae
1112 1823 1274 1908 integrae,
1298 1822 1396 1886 inno·

190 1923 306 2000 centis,
324 1923 489 2001 elevatae3
512 1933 634 1988 statum
650 1933 789 1988 naturae
804 1925 935 2010 lapsae3
959 1936 993 1990 et
1008 1935 1130 1990 statum
1145 1936 1285 1989 naturae
1300 1947 1397 2010 repa-

188 2035 290 2092 ratae.
334 2025 523 2116 Omittimus
546 2049 643 2112 agere
666 2028 706 2092 de
729 2014 855 2112 duplici
878 2027 936 2091 illo
960 2027 1104 2092 hominis
1126 2037 1214 2090 statu
1231 2027 1396 2112 possibili,

192 2130 251 2216 qui
272 2129 426 2215 prolecto
450 2153 619 2216 nunquam
641 2131 714 2206 fuit,
739 2131 798 2195 sed
821 2130 891 2196 fieri
914 2133 1034 2215 potuit,
1057 2138 1166 2194 status
1189 2129 1316 2194 seilicet
1340 2151 1397 2194 na·

189 2242 282 2297 turae
311 2253 428 2318 purae,
462 2233 496 2298 in
525 2255 593 2318 quo
617 2232 719 2296 homo
742 2235 814 2298 sine
835 2235 941 2318 gratia
964 2244 997 2298 et
1020 2235 1090 2297 sine
1113 2241 1253 2318 peccato
1276 2232 1398 2296 fuisset

190 2334 404 2410 constitutus,
421 2345 454 2399 et
469 2344 577 2399 status
593 2345 730 2400 naturae
746 2336 861 2420 lapsae
875 2357 944 2398 non
960 2345 1132 2421 reparatae
1147 2334 1202 2398 vel
1217 2356 1285 2398 non
1301 2357 1397 2420 repa-

191 2437 325 2516 randae,
349 2438 382 2500 in
399 2458 467 2523 quo
483 2437 585 2501 homo
601 2447 760 2522 peccator
775 2439 968 2514 exstitisset,
985 2438 1112 2502 sidens
1129 2459 1203 2501 eum
1218 2459 1285 2501 non
1302 2439 1396 2502 rede·

188 2540 312 2605 misset.
357 2539 519 2604 Nonnulli
535 2539 699 2626 triplicem
714 2540 810 2604 etiam
828 2551 949 2605 statum
966 2541 1176 2625 distinguunt
1193 2540 1396 2624 possibilem.

251 2642 362 2706 Homo
385 2665 405 2706 a
427 2665 555 2707 summo
580 2653 613 2708 et
635 2643 878 2728 perfectissimo
902 2645 966 2708 deo
990 2643 1158 2728 perfectus
1182 2653 1214 2707 et
1236 2645 1397 2708 innocens

189 2754 337 2822 creatus,
374 2745 447 2831 ipse
484 2768 520 2810 se
556 2755 695 2831 peccato
734 2747 920 2811 debilitavit
955 2746 1163 2832 vitiavitque.
1222 2745 1259 2811 In
1296 2745 1396 2810 horto

189 2848 439 2925 amoenissimo,
454 2847 564 2936 'longo
592 2850 701 2934 spatio
730 2858 844 2935 septo,
868 2849 1029 2914 viridibus
1056 2849 1161 2933 pratis
1185 2858 1217 2913 et
1237 2849 1397 2934 jucundis

189 2957 319 3028 ornato,
341 2951 546 3036 perennibus
568 2951 720 3016 fontibus
742 2952 839 3016 lucos
864 2951 1050 3038 rigantibus
1073 2951 1265 3028 abundanti,
1288 2950 1397 3016 fluviis

189 3051 427 3138 perfluentibus
449 3075 597 3141 aqueae,
629 3055 718 3119 rosis
745 3063 778 3119 et
798 3054 876 3118 liliis
899 3064 1000 3141 atque
1023 3055 1252 3141 cujuscunque
1268 3055 1397 3140 generis

187 3157 326 3224 fioribus
348 3157 516 3232 decorato,
540 3157 636 3221 coelo
659 3157 776 3234 nitido,
800 3179 879 3221 aura
900 3158 980 3234 miti,
1004 3157 1076 3221 sole
1099 3157 1201 3238 claro,
1224 3163 1299 3224 edre
1315 3175 1395 3220 tcm-

187 3271 316 3345 perato,
338 3269 435 3325 aestu
457 3282 496 3324 ac
518 3259 642 3347 frigore
665 3267 769 3339 arcto,
793 3259 991 3324 animalibus
1023 3259 1141 3324 leniter
1164 3261 1395 3338 servientibus,

188 3365 349 3429 creaturis
372 3364 526 3428 omnibus
549 3363 732 3428 concordia
755 3363 906 3438 sociatis,
934 3363 1096 3448 pestifero
1119 3375 1153 3427 et
1175 3385 1285 3427 nocuo
1310 3384 1395 3449 quo·

189 3487 321 3553 cunque
342 3466 524 3552 prohibito,
548 3465 645 3530 bellis
668 3481 701 3530 et
716 3466 894 3530 inimicitiis
908 3467 1132 3554 omnibusque
1147 3465 1243 3529 malis
1259 3466 1394 3530 amotis:

188 3569 287 3634 -in
309 3568 484 3655 paradiso,
518 3569 579 3634 tali
601 3569 702 3634 modo
726 3569 863 3634 condito
887 3552 920 3633 et
944 3569 1124 3645 instructo,
1153 3569 1305 3633 homines
1328 3570 1394 3654 pri·

187 3693 324 3738 maevos
339 3671 490 3740 videmus
505 3671 786 3758 perambulantes.
833 3671 962 3756 (Gratia
975 3672 1066 3756 loci.)
1282 3755 1285 3760 Ι

253 3774 419 3842 Suavitati
441 3774 520 3840 huic
542 3784 698 3840 externae
716 3775 911 3862 jucunditas
934 3775 1062 3839 animae
1085 3774 1183 3861 plane
1206 3795 1394 3860 congruens

190 3887 269 3944 erat.
305 3877 451 3944 Adamas
466 3878 501 3942 in
511 3878 643 3965 justitia
659 3889 692 3942 et
707 3879 883 3942 sanctitate
899 3879 1113 3954 constitutus,
1135 3878 1171 3942 in
1184 3877 1394 3942 innocentiae

188 3990 221 4045 et
236 3980 409 4046 charitatis
432 3989 525 4046 statu
540 3981 707 4056 conditus,
731 3981 829 4046 donis
845 3980 1156 4067 supernaturalibus
1171 3980 1327 4056 munitus,
1351 3979 1394 4043 ad

189 4083 428 4149 beatitudinem
449 4083 636 4160 coelestem,
662 4105 747 4170 quae
762 4085 796 4148 in
811 4085 940 4148 visione
955 4085 1007 4149 dei
1024 4085 1187 4160 consistit,
1211 4083 1393 4159 ordinatus,

189 4185 297 4251 libero
313 4186 451 4251 arbitrio
468 4186 638 4272 praeditus
653 4187 726 4266 luit,
751 4210 818 4275 quo
835 4187 978 4276 fungens
994 4187 1100 4265 finem,
1123 4187 1277 4273 adquam
1294 4185 1393 4252 denti·

148 4355 154 4365 ,
188 4298 288 4354 natus
309 4288 433 4366 fuerat,
456 4298 725 4378 persequeretur,
748 4291 821 4356 aliis
845 4313 919 4358 cum
941 4292 1005 4356 hac
1028 4291 1127 4355 animi
1148 4289 1339 4356 valetudine
1361 4297 1393 4354 et

189 4392 311 4459 virtute
327 4392 468 4480 egregiis
484 4393 621 4460 dotibus
637 4396 836 4482 conjunctis.
880 4394 997 4460 Gratia
1012 4393 1240 4459 sanctificante
1256 4401 1392 4460 ornatus

189 4497 332 4566 creatori
354 4504 468 4588 gratus
492 4497 613 4577 evasit,
636 4499 762 4566 numini
786 4499 898 4568 divino
922 4497 1052 4582 similis,
1074 4497 1161 4564 filius
1184 4497 1253 4578 dei,
1275 4496 1391 4564 haeres
