3050 5046
637 317 837 420 Q

133 522 228 610 quod
258 519 490 588 delectationis
528 522 683 588 suavitati
713 520 981 608 insuperabiliter
1016 519 1158 606 rapienti
1196 514 1337 604 obsequi

133 635 272 692 coactus
294 625 423 692 fuisset.

199 729 329 810 Quibus
350 730 540 816 perpensis,
564 727 650 792 hanc
665 727 815 792 Jansenii
834 725 1029 792 sententiam
1044 724 1166 800 fuisse,
1190 729 1338 788 statuen-

35 904 39 912 ,
131 833 211 896 dum
228 842 289 899 est.
319 831 403 898 Vult
417 833 489 906 iste,
506 833 538 896 in
556 840 645 895 statu
661 830 856 918 integritatis
872 829 997 894 homiui
1012 827 1180 892 innocenti
1194 826 1338 892 delecta·

131 936 256 1000 tionem
279 934 443 1022 ejusmodi
464 935 653 1008 coelestem,
677 934 718 998 de
739 954 805 1019 qua
821 935 959 1019 agimus,
982 953 1051 995 nou
1066 930 1261 1004 inhaesisse,
1283 928 1338 993 fir-

129 1039 311 1103 missimam
335 1060 374 1104 ac
396 1039 657 1123 potentissimam
680 1037 805 1101 homini
825 1037 930 1122 primo
947 1035 1119 1100 innocenti
1132 1033 1338 1098 voluntatem

129 1141 327 1219 inhaesisse,
351 1141 574 1206 dominantem
597 1141 721 1226 gratiae
741 1141 816 1226 ipsi,
840 1161 925 1227 quae
940 1139 997 1203 isti
1012 1133 1146 1202 subdita
1161 1137 1269 1211 fuerit,
1292 1136 1339 1200 ita

128 1254 170 1310 ut
184 1243 343 1309 voluntas
365 1245 472 1331 gratia
490 1253 649 1318 uteretur,
673 1251 731 1306 aut
752 1265 821 1308 non
841 1249 998 1319 uteretur,
1023 1248 1262 1327 cooperaretur
1282 1245 1340 1303 aut

128 1369 200 1412 non
222 1355 474 1434 cooperaretur,
499 1344 777 1433 quemadmodum
803 1345 960 1431 placeret.
1005 1343 1083 1409 Non
1110 1343 1276 1406 voluntati
1297 1363 1339 1406 ex

128 1459 253 1517 natura
274 1473 344 1536 sua,
367 1453 402 1516 in
424 1473 459 1516 se
482 1459 651 1536 spectatae
667 1445 920 1515 delectationem
936 1446 1154 1512 necessariam
1172 1467 1255 1518 esse,
1279 1444 1339 1509 sed

129 1553 300 1620 voluntati
321 1563 461 1640 peccato
476 1554 612 1618 vitiatae
633 1575 672 1617 ac
688 1552 889 1616 debilitatae.
933 1551 1108 1616 Peccatum
1126 1549 1167 1613 ab
1183 1547 1255 1613 Ada
1271 1569 1339 1611 non

130 1657 354 1744 praecedente
371 1657 594 1723 delectatione
610 1644 819 1720 commissum
836 1678 919 1731 esse,
943 1655 1030 1719 sicut
1044 1675 1134 1717 nunc
1149 1651 1339 1715 hominibus

129 1761 318 1826 viatoribus
334 1761 473 1837 accidat,
497 1761 661 1825 suavitate
678 1758 871 1844 cupiditatis
886 1757 1076 1844 instigante.
1099 1753 1339 1820 Delectationis

129 1864 320 1949 imperium,
346 1885 414 1950 quo
440 1863 581 1928 liberum
607 1862 779 1927 arbitrium
805 1861 861 1926 hic
883 1871 916 1926 et
935 1860 1003 1924 illic
1025 1859 1069 1923 ad
1089 1858 1175 1923 banc
1197 1867 1229 1921 et
1248 1857 1338 1921 illam

131 1975 258 2052 partem
280 1965 518 2042 declinaretur,
541 1965 668 2030 homini
688 1965 819 2051 integro
846 1963 1010 2040 defuisse,
1040 1961 1132 2048 quod
1158 1959 1248 2046 apud
1276 1981 1339 2023 nos

131 2091 203 2134 eam
225 2069 268 2134 ob
289 2091 358 2134 rem
372 2069 492 2157 vigeat,
516 2066 596 2154 quia
610 2067 768 2132 voluntas
784 2075 924 2152 peccato
939 2065 1101 2130 infirmata
1116 2065 1149 2128 in
1165 2063 1339 2128 libidinum

130 2172 291 2237 ditionem
312 2172 442 2259 dejecta
463 2171 515 2246 sit,
540 2193 581 2235 ex
602 2191 669 2257 qua
690 2192 855 2258 emergere
879 2192 917 2233 ac
939 2191 975 2234 se
991 2169 1130 2234 evehere
1146 2189 1215 2231 non
1231 2167 1340 2253 possit

130 2276 197 2338 nisi
213 2273 434 2340 delectatione
450 2274 622 2360 superiore
637 2273 766 2338 victrici
782 2273 824 2337 ad
840 2273 1000 2338 coelestia
1015 2273 1158 2336 animum
1172 2279 1338 2356 vergente.

130 2377 342 2465 Adjutorium
374 2378 466 2455 „sine
494 2385 598 2463 quo,“
632 2377 666 2441 id
696 2387 762 2448 est,
785 2399 912 2450 veram,
946 2375 1122 2449 actualem,
1151 2375 1339 2439 interiorem

129 2481 279 2567 gratiam,
303 2480 467 2568 ejusmodi
487 2489 607 2558 tamen,
631 2501 717 2566 quae
738 2481 878 2546 liberum
900 2501 1072 2545 assensum
1089 2479 1131 2542 ad
1147 2478 1340 2564 oppositum

130 2583 312 2669 reliquerit,
336 2583 427 2648 Adae
447 2583 619 2646 innocenti
638 2583 815 2660 tributum3
838 2583 964 2647 homini
984 2603 1065 2647 vero
1087 2581 1184 2668 lapso
1208 2579 1339 2667 adjuto·

130 2687 215 2750 rium
237 2694 357 2773 ‚,qu0“,
381 2686 520 2772 gratiam
541 2684 669 2750 scilicet
688 2683 826 2750 relative
846 2687 1030 2760 victricem,
1053 2705 1139 2770 quae
1159 2683 1285 2748 homini
1306 2684 1338 2748 in

131 2789 298 2874 praesenti
326 2797 417 2852 statu
442 2788 484 2853 ad
516 2788 793 2874 perseverandum
821 2789 1010 2854 necessaria
1039 2789 1097 2864 sit,
1132 2773 1338 2852 concessum.

130 2893 196 2956 Per
221 2901 393 2978 peccatum
420 2891 584 2956 libertatis
610 2890 789 2955 facultates
816 2889 1006 2955 debilitates
1028 2912 1117 2963 esse,
1147 2889 1339 2974 cupiditatis

132 2996 220 3060 vires
240 3010 352 3070 natas3
376 2993 582 3059 voluntatem
605 2994 689 3059 adeo
713 2993 920 3069 infirmatam,
943 3004 981 3058 ut
996 3015 1085 3058 nunc
1100 3002 1181 3078 post
1195 2991 1339 3056 hominis

130 3098 272 3183 lapsum,
295 3107 426 3162 terrena
448 3096 631 3182 cupiditate
653 3099 843 3162 introeunte
865 3105 898 3161 et
912 3095 1102 3181 impellente
1118 3095 1340 3160 delectatione

133 3201 271 3266 coelesti
282 3201 409 3280 victrici
426 3211 530 3287 egeat,
555 3222 622 3286 qua
637 3203 785 3266 suaviter
800 3201 938 3286 abrepta
953 3199 996 3264 ad
1011 3200 1137 3264 bouum
1151 3199 1339 3265 faciendum

131 3315 295 3380 vertatur3
319 3326 389 3368 eam
410 3325 499 3369 nunc
519 3303 667 3368 libidinis
683 3303 850 3368 titillantis
873 3303 1157 3388 provocationem,
1180 3303 1244 3367 nisi
1265 3325 1339 3390 gra·

131 3407 197 3471 tiae
228 3406 405 3472 delectatio
437 3407 631 3494 objiciatur,
669 3406 883 3472 assentiendo
915 3407 1020 3492 sequi.
1074 3406 1338 3472 Delectationem

132 3510 327 3574 antecedere
348 3531 437 3573 nunc
459 3521 641 3594 peceatum,
665 3510 829 3597 quidquid
850 3518 1016 3595 peccetur,
1040 3531 1082 3573 ex
1103 3531 1142 3573 ea
1162 3508 1337 3594 proficisci.

130 3613 183 3677 Ita
208 3635 297 3677 nunc
324 3613 489 3676 hominem
516 3635 625 3698 neque
651 3612 737 3677 bene
762 3635 872 3698 neque
899 3611 982 3676 male
1005 3633 1103 3698 agere
1125 3633 1242 3696 posse,
1276 3611 1339 3676 nisi

131 3716 289 3780 alterutra
319 3715 541 3782 delectatione
558 3717 737 3792 'movente3
772 3716 876 3780 solam
897 3715 985 3780 hanc
1002 3737 1091 3792 esse,
1120 3736 1188 3800 qua
1214 3714 1338 3780 autad

131 3820 256 3883 bonum
273 3817 387 3884 autad
403 3817 523 3882 malum
540 3818 724 3884 trahamur:
741 3819 784 3884 ad
801 3820 934 3890 bonum,
951 3820 981 3882 si
992 3817 1169 3883 delectatio
1183 3817 1338 3883 coelestis

130 3923 286 4007 superior
307 3943 346 3986 ac
366 3921 488 3986 victrix
509 3922 567 3998 sit,
592 3921 636 3986 ad
657 3921 793 3998 malum,
817 3927 845 3985 si
866 3921 1009 3986 carnalis
1026 3921 1227 4006 praevaleat.
1272 3921 1338 3986 De·

129 4025 341 4090 lactationem
358 4025 429 4088 sive
452 4025 651 4088 suavitatem
667 4025 846 4090 coelestem
861 4023 904 4088 ad
920 4024 1016 4088 deum
1034 4023 1289 4089 desiderandum
1306 4034 1339 4090 et

129 4127 306 4192 amandum
326 4127 433 4192 libero
449 4127 633 4192 voluntatis
653 4137 746 4192 motu
767 4127 905 4214 requiri3
930 4147 1017 4213 quae
1041 4129 1068 4190 si
1090 4127 1191 4200 desit,
1213 4127 1338 4192 nullam

129 4239 329 4317 potestatem
351 4231 451 4295 nobis
473 4231 592 4307 inesse,
617 4232 740 4295 bonum
757 4229 928 4317 operandi,
952 4228 1159 4294 voluntatem
1175 4239 1337 4294 mortuam

129 4335 228 4399 deum
249 4333 404 4420 amplecti
425 4354 494 4398 non
514 4355 634 4421 posse;
660 4334 772 4421 itaque
794 4355 895 4420 quum
917 4333 1104 4417 contingat,
1127 4339 1165 4397 ut
1186 4334 1337 4399 suavitas

128 4436 184 4501 illa
204 4437 312 4500 animo
335 4436 478 4502 coelitus
503 4437 665 4515 immissa,
699 4459 767 4525 qua
781 4436 915 4501 virtutis
935 4435 1100 4501 desiderio
1122 4435 1334 4514 delectemur,

128 4559 197 4606 non
219 4548 313 4605 tanta
333 4541 399 4618 sit,
421 4548 459 4605 ut
480 4539 509 4605 ei
531 4540 708 4607 delectatio
729 4563 837 4607 rerum
859 4539 1098 4605 mundanarum
1118 4539 1207 4608 victa
1229 4541 1335 4625 cedat,
