3050 5046
672 309 872 412 jar„

170 511 311 586 Calvino
335 525 367 582 et
388 517 482 603 Bajo,
505 517 552 582 ita
570 515 769 582 docentibus
791 515 921 580 assensi
943 537 1044 602 quum
1068 515 1259 603 originalem
1270 515 1371 600 justi-

171 624 250 687 tiam
272 621 398 686 homini
420 621 563 685 debitam
586 643 659 684 esse
681 627 714 684 et
734 627 863 705 partem
884 618 1000 682 saltem
1021 619 1214 706 integralem
1236 627 1380 682 naturae

173 725 388 792 constituisse
410 724 578 797 docerent,
604 746 642 786 eo
666 729 898 808 pervenerunt,
921 730 959 784 ut
975 720 1187 797 affirmarent,
1210 721 1379 787 homiuem

170 829 301 915 lapsum
319 827 472 915 originali
494 850 567 892 cum
589 826 805 890 facultatibus
827 845 896 888 eam
914 826 1079 888 comitatis
1101 825 1230 912 justitia
1246 826 1380 903 amissa,

171 933 291 996 amissa
320 931 396 995 ideo
426 931 569 1017 imagine
599 930 667 1005 dei,
703 931 824 992 amissa
859 949 937 1014 ergo
969 928 1058 992 omni
1087 927 1316 1014 cognoscendi
1346 935 1381 992 et

171 1034 309 1100 volendi
324 1033 466 1098 honeste
482 1034 571 1098 bona
587 1032 746 1118 potentia,
763 1032 834 1095 sine
847 1031 952 1115 gratia
969 1031 1100 1108 actuali,
1116 1031 1226 1095 nullas
1243 1031 1380 1095 omnino

173 1160 276 1225 posse
292 1138 449 1201 veritates
460 1135 622 1200 naturalis
639 1135 764 1200 ordinis
779 1155 993 1221 cognoscere,
1010 1134 1102 1198 nulla
1115 1156 1217 1220 opera
1227 1134 1382 1200 faciliora

175 1241 337 1308 naturalis
366 1240 492 1304 ordinis
518 1261 692 1326 peragere,
720 1237 830 1303 nullas
857 1239 1058 1302 tentationes
1085 1237 1176 1302 leves
1206 1259 1381 1324 superare3

174 1345 339 1409 hominem
362 1342 509 1409 nondum
532 1351 748 1428 assequutum
771 1340 911 1426 gratiam
932 1339 1019 1415 fidei,
1044 1362 1130 1426 quae
1151 1341 1256 1425 prima
1272 1332 1379 1426 gratia

175 1449 228 1524 sit,
255 1459 331 1512 autc
355 1467 453 1533 quam
477 1445 586 1509 datam
610 1445 702 1508 nulla
725 1444 789 1508 alia
810 1465 828 1506 a
851 1443 913 1507 deo
931 1443 1142 1520 concedatur,
1167 1443 1259 1508 nulla
1276 1464 1378 1528 posse

175 1572 278 1637 opera
300 1549 470 1614 moraliter
491 1549 581 1612 bona
604 1553 803 1634 perpetrare,
825 1531 936 1610 'omnia
958 1545 1135 1611 infidelium
1159 1547 1261 1633 igitur
1276 1568 1381 1632 opera

172 1653 254 1720 vitia
275 1675 348 1718 essa
369 1660 403 1716 et
423 1651 565 1716 virtutes
586 1658 723 1736 peccata
745 1650 988 1714 damnationem
1009 1651 1242 1737 provocantia;
1273 1649 1382 1714 homi-

176 1843 373 1853 *-

174 1941 286 2006 diantur,
305 1940 351 2010 qui
371 1940 476 2005 docent,
495 1941 626 1992 hominem
646 1958 679 1992 ex
696 1939 782 2010 prima
800 1955 850 1992 sna
868 1939 969 2010 origine
988 1939 1073 1991 adhuc
1091 1937 1188 2008 aliquid
1207 1939 1278 2002 boni,
1298 1955 1383 2008 quan·

173 2027 370 2096 tulumcumque
383 2027 460 2080 etiam
475 2035 501 2080 et
514 2044 591 2096 quam
611 2027 733 2097 exiguum
746 2035 825 2096 atquc
838 2035 917 2078 tenue
929 2026 955 2078 id
969 2027 1011 2091 sit,
1029 2025 1157 2095 reliquum
1176 2025 1282 2090 habere,
1301 2042 1384 2096 capa-

173 2113 278 2166 citatem
296 2113 417 2166 videlicet
435 2122 462 2166 et
478 2113 649 2184 aptitudinem
668 2122 694 2166 et
706 2115 774 2166 vires
795 2113 898 2183 aliquas
912 2114 938 2164 in
950 2113 1030 2166 rebus
1044 2112 1250 2183 spiritualibus.“
1288 2111 1386 2164 Omnia

173 2182 315 2252 infidelium
329 2217 411 2270 opera
425 2207 488 2252 sunt
498 2207 616 2269 peccata,
629 2199 849 2270 philosophorum
862 2201 974 2252 virtutes
988 2200 1064 2251 vitia:
1083 2198 1224 2254 Melancht.
1238 2199 1288 2252 loe.
1302 2199 1383 2252 theol.

172 2305 200 2358 p.
220 2289 275 2342 22:
295 2293 380 2350 ‚‚esto‚
402 2285 483 2338 fuerit
504 2286 633 2355 quaedam
647 2287 672 2338 in
687 2286 798 2339 Socrate
821 2286 978 2350 constantia,
1001 2287 1026 2337 in
1044 2285 1197 2338 Xenocrate
1216 2287 1335 2351 castitas,
1356 2286 1384 2339 in

172 2373 283 2426 Zenone
302 2373 497 2442 temperantia.
511 2411 517 2424 .
531 2390 584 2424 nou
602 2372 700 2425 debent
711 2391 760 2443 pro
774 2374 843 2425 veris
856 2373 1004 2437 virtutibus,
1024 2373 1072 2426 sed
1084 2391 1134 2444 pro
1149 2373 1218 2424 vitiis
1231 2373 1323 2425 haberi
1336 2413 1341 2425 .
1356 2413 1362 2426 .
1377 2413 1384 2426 .

177 2470 278 2530 negant
295 2467 382 2511 tamen
401 2458 559 2529 (pelagiani,
579 2459 605 2511 id
624 2467 674 2522 est,
693 2459 825 2530 catholici)
845 2476 902 2512 eam
922 2476 984 2512 esse
1001 2460 1053 2512 vim
1070 2460 1173 2530 peccati
1192 2459 1337 2530 originalis,
1355 2466 1387 2512 ut

177 2547 267 2599 omnia
290 2537 423 2598 bominum
448 2562 545 2616 opera,
571 2563 662 2598 omues
687 2546 821 2598 bominum
846 2552 958 2598 conatus
984 2547 1037 2598 sint
1059 2551 1199 2616 peccata.“
1249 2545 1384 2610 Calvinus,

175 2633 287 2686 institut.
306 2632 350 2686 lib.
364 2632 398 2684 Il.
412 2632 449 2684 ita
461 2631 580 2687 inscribit
593 2650 649 2702 cap.
663 2636 702 2689 3.:
721 2632 780 2697 „Ex
800 2642 927 2703 corrupta
939 2633 1050 2684 hominis
1064 2639 1159 2684 natura
1171 2631 1232 2684 nihil
1245 2632 1295 2684 nisi
1309 2633 1385 2686 dam-

172 2720 260 2772 nabile
272 2719 406 2790 prodire.“
442 2717 567 2772 Liberum
580 2719 717 2772 arbitrium
737 2737 789 2772 non
804 2719 874 2772 aliud
887 2719 999 2772 admittit
1012 2717 1146 2784 Calvinus,
1166 2736 1243 2788 quam
1258 2719 1330 2789 quod
1344 2727 1387 2772 est

172 2807 288 2860 immune
305 2823 321 2857 a
338 2806 483 2870 coactione,
501 2805 583 2862 instit
602 2807 645 2859 lib.
664 2806 707 2871 11,
722 2825 743 2859 e.
759 2810 787 2863 3:
804 2806 892 2858 Porro
913 2806 984 2876 quod
996 2805 1117 2858 libertate
1131 2805 1278 2858 abdicatam
1291 2806 1385 2858 volun-

174 2899 256 2945 tatem
275 2891 334 2944 dico
352 2893 514 2944 neceasitate
533 2894 557 2944 in
577 2893 675 2945 malum
692 2894 732 2946 vel
753 2893 820 2945 trahi
838 2893 879 2946 vel
898 2893 965 2958 duci,
984 2893 1076 2944 mirum
1095 2901 1145 2957 est,
1164 2893 1186 2945 si
1205 2894 1245 2945 cui
1264 2892 1387 2948 videatur

174 2995 271 3049 aspera
282 2978 412 3047 loquutio,
431 2995 499 3047 quae
511 2995 560 3031 nec
573 2979 702 3032 absonum
714 2980 794 3032 habet
814 2979 962 3050 quidpiam,
980 2997 1029 3032 nec
1042 2997 1058 3030 a
1070 2986 1223 3032 sanctorum
1235 2997 1286 3034 usu
1299 2980 1387 3034 aliena

174 3073 224 3119 est.
270 3063 389 3118 offendit
412 3072 500 3117 autem
524 3082 580 3128 eos,
607 3066 651 3134 qui
676 3066 744 3118 inter
768 3067 954 3118 necessitatem
979 3074 1005 3118 et
1034 3067 1196 3118 coactionem
1221 3066 1386 3138 distinguere

175 3152 304 3205 nesciunt.
340 3152 378 3202 At
391 3151 412 3202 si
426 3151 484 3220 quis
498 3168 545 3202 eos
559 3151 717 3220 interroget:
735 3153 779 3203 An
789 3169 843 3203 non
855 3153 921 3205 deus
934 3154 1088 3205 necessario
1105 3154 1192 3206 bonus
1204 3153 1256 3206 sit?
1274 3154 1318 3206 An
1331 3172 1387 3206 non

177 3238 300 3290 diabolus
318 3237 472 3290 necessario
492 3236 596 3289 malus?
610 3277 616 3292 .
631 3278 636 3290 .
651 3277 656 3290 .
675 3237 756 3309 Erg0,
770 3240 792 3290 si
805 3239 912 3290 liberam
927 3239 968 3292 dei
986 3240 1146 3292 voluntatem
1160 3241 1185 3291 iu
1198 3241 1265 3292 bene
1279 3240 1385 3310 agendo

179 3343 234 3378 non
250 3324 367 3395 impedit,
386 3323 459 3394 quod
476 3341 587 3376 neccsse
607 3333 649 3377 est
666 3325 736 3377 illum
755 3325 820 3378 bene
835 3342 928 3395 agere:
947 3325 969 3377 si
982 3326 1113 3390 diabolus,
1132 3327 1176 3396 qui
1189 3344 1242 3378 non
1254 3327 1306 3378 nisi
1318 3327 1387 3380 male

181 3429 263 3482 agere
286 3418 387 3482 potest,
411 3410 547 3463 voluntate
571 3417 658 3463 tamen
677 3419 779 3482 peccat,-
804 3411 862 3478 quis
884 3411 1014 3464 homiuem
1037 3411 1113 3464 ideo
1133 3413 1388 3466 minusvoluntarie

179 3515 292 3570 peccare
311 3497 386 3564 dicet,
405 3497 477 3567 quod
496 3499 529 3549 sit
545 3498 673 3570 peccandi
692 3499 846 3550 necessitati
865 3498 1032 3551 obnoxius?“
1067 3498 1102 3550 Et
1117 3499 1160 3555 lib.
1173 3501 1207 3556 ΙΙ.
1220 3498 1260 3552 De
1272 3499 1315 3552 lib.
1330 3501 1388 3558 arb.

176 3585 236 3638 adv.
248 3584 380 3654 Pighium:
400 3583 447 3648 „Si
466 3585 595 3636 coactioni
614 3587 756 3656 opponitur
773 3585 889 3648 libertas,
907 3585 1015 3637 liberum
1035 3603 1096 3637 esse
1109 3585 1243 3638 arbitrium
1257 3595 1284 3640 ct
1296 3585 1386 3639 fateor

177 3679 204 3724 et
215 3680 369 3724 constanter
382 3687 518 3734 assevero,
536 3687 566 3722 ac
584 3689 634 3741 pro
648 3672 780 3724 haeretico
794 3671 889 3736 habeo,
909 3672 1029 3741 quisquis
1043 3689 1121 3724 secus
1135 3673 1238 3724 sentiat.
1286 3673 1314 3726 Si
1327 3674 1388 3740 hoe,

176 3759 283 3829 inquam
302 3775 384 3809 sensu
401 3757 510 3809 liberum
521 3768 640 3821 vocetur,
661 3759 788 3827 quianon
802 3765 921 3828 cogatur,
944 3769 989 3810 aut.
1002 3758 1130 3811 violenter
1142 3759 1262 3811 trabatur
1274 3767 1387 3813 externo

176 3852 260 3907 motu,
285 3843 332 3895 sed
358 3850 454 3913 sponte
479 3851 574 3913 agatur
598 3860 655 3907 sua,
679 3844 741 3896 nihil
764 3850 881 3898 moror.“
926 3844 1002 3897 Lutlr.
1029 3845 1072 3900 lib.
1098 3845 1136 3898 [le
1160 3863 1237 3898 servo
1263 3845 1387 3900 arbitrio:

178 3930 323 4000 „Sequitur
339 3945 390 3982 nos
409 3931 561 3982 necessario
581 3933 699 4000 operari3
722 3929 876 3984 necessario
895 3949 959 3983 vero
978 3931 1045 3995 dico,
1069 3949 1123 3984 nou
1142 3943 1247 3995 coacte;
1266 3932 1318 3985 hoc
1336 3943 1387 3998 est,

177 4018 267 4082 homo,
286 4033 345 4068 cum
362 4024 439 4068 vacat
457 4015 551 4086 spiritu
570 4017 619 4081 dei,
638 4035 691 4069 non
711 4017 817 4088 quidem
834 4018 967 4082 violentia,
986 4019 1057 4070 velut
1076 4027 1169 4088 captus
1187 4019 1294 4072 obtorto
1309 4019 1387 4084 rollo,

177 4103 273 4157 nolens
292 4102 355 4155 facit
375 4103 480 4165 malurn,
499 4102 548 4154 aed
567 4113 663 4173 sponte
682 4111 708 4156 et
725 4105 816 4158 libenti
834 4105 970 4156 voluntate
989 4105 1059 4156 facit.
1095 4105 1154 4157 Hoc
1166 4123 1292 4158 vocamus
1304 4106 1386 4159 ruodo

99 4253 103 4261 Ι
177 4189 367 4245 necessitatem
391 4189 616 4253 immutabilitatis,
641 4190 713 4260 quod
737 4191 859 4244 voluntas
883 4209 943 4242 sese
968 4201 1069 4244 ruutare
1093 4202 1120 4244 et
1140 4201 1243 4245 vertere
1262 4192 1312 4244 alio
1332 4211 1386 4244 uon

177 4277 275 4350 possit.
311 4275 414 4328 Rursus
437 4292 470 4326 ex
491 4274 575 4327 altera
595 4285 680 4347 parte,
703 4277 724 4330 si
746 4278 812 4330 deus
831 4276 858 4328 in
879 4277 956 4332 nobis
977 4285 1110 4347 operatur,
1130 4285 1231 4330 mutata
1249 4285 1280 4330 ct
1289 4278 1386 4332 blande

179 4363 316 4416 assibilata
328 4379 376 4432 per
389 4361 509 4431 spiritum
522 4360 562 4414 dei
575 4363 696 4416 voluntas
714 4365 808 4416 iterum
825 4379 898 4416 mera
914 4363 1031 4415 lubentia
1048 4371 1075 4416 et
1091 4365 1224 4434 pronitate
1238 4381 1269 4417 ac
1288 4371 1384 4435 sponte

181 4466 230 4501 sua
246 4449 301 4500 vult
320 4457 346 4500 et
364 4447 435 4510 facit,
453 4464 505 4498 non
525 4456 617 4510 coacte
634 4467 684 4520 pro
697 4458 792 4502 natura
803 4449 956 4512 voluntatis,
976 4467 1043 4518 quae
1057 4450 1079 4502 si
1092 4459 1241 4522 cogeretur,
1259 4451 1383 4505 voluntas

179 4552 233 4590 non
247 4542 332 4596 esset3
344 4550 405 4586 nam
418 4533 520 4586 coactio
533 4535 622 4602 potius
637 4543 686 4600 est,
698 4543 727 4589 ut
739 4537 776 4590 sic
791 4536 883 4600 dicam,
897 4535 1047 4589 noluntas.“
