3084 5056
724 375 765 440 47

647 463 847 476 -—-—-

137 580 249 656 tirent,
272 577 366 666 ipsae
389 598 566 666 perversae
588 576 738 642 redditae
763 584 796 641 et
818 599 871 642 res
900 578 934 641 in
962 578 1139 644 maximum
1169 577 1353 664 periculum

140 691 175 748 et
204 691 387 748 extremum
422 703 529 768 paene
566 679 743 744 discrimen
773 679 939 745 adductae
976 689 1064 747 sunt.
1118 679 1163 746 Et
1185 679 1350 768 profecto,

137 785 323 852 monachae
345 785 527 850 modernae
549 783 675 848 oblitae
697 792 785 861 sunt,
810 806 895 871 quac
915 785 1062 870 ipsarum
1085 783 1351 871 esseteonditio,

139 889 266 954 oblitae
282 887 501 964 obedientiae,
526 909 592 976 qua
609 887 790 952 obstrictae
807 889 969 953 deberent
990 911 1074 965 esse,
1097 888 1222 953 oblitae
1244 887 1351 953 humi·

137 993 243 1058 litatis
259 1002 292 1057 et
308 992 497 1078 pudicitiae,
515 1013 601 1078 quae
617 991 658 1055 iis
675 999 888 1076 competeret.
932 991 1008 1056 Etsi
1019 991 1227 1066 Boesnetius,
1244 991 1352 1055 facul·

138 1107 192 1159 tas
207 1095 419 1160 Sorbonnica
432 1094 641 1170 Parisiensis,
663 1094 804 1158 ecclesia
825 1094 1000 1180 gallicana,
1023 1094 1165 1160 ecclesia
1185 1094 1352 1175 universa,

138 1221 236 1286 papa,
259 1221 318 1264 rex
341 1199 383 1263 ad
406 1199 571 1262 saniorem
593 1197 758 1262 voluisset
777 1219 834 1261 eas
855 1205 998 1262 mentem
1019 1219 1179 1264 revocare
1196 1196 1352 1264 docendo

138 1311 242 1390 atque
268 1301 481 1366 adhortando
508 1322 721 1388 quocumque
747 1301 859 1376 modo,
886 1307 996 1366 tamen
1029 1301 1159 1367 renisae
1186 1299 1351 1388 ejusmodi

138 1404 248 1470 effatis
272 1427 308 1469 se
331 1427 400 1468 non
422 1405 646 1490 subjecerunt,
669 1403 935 1490 praetendentes,
960 1425 996 1468 se
1013 1405 1220 1470 conscientia
1236 1403 1350 1490 prohi-

137 1509 228 1572 bitas
255 1530 339 1585 esse,
366 1531 407 1571 ne
434 1509 711 1593 obtemperarent.
757 1505 845 1586 Quin
872 1507 938 1571 imo
964 1509 1077 1596 Agnes
1109 1507 1282 1572 abbatisse
1308 1528 1349 1570 eo

137 1633 319 1697 progressa
341 1619 392 1675 est
415 1611 601 1696 superbiae,
622 1619 660 1674 ut
680 1609 889 1675 Ludovicnm
905 1609 999 1676 XIV.
1014 1633 1125 1698 regem
1147 1611 1253 1675 adiret
1269 1612 1350 1674 scri·

135 1714 250 1779 hendo
274 1723 375 1799 atque
397 1712 581 1789 monendo,
610 1722 648 1777 ut
671 1713 877 1778 conscientia
900 1713 1093 1790 meminerit,
1117 1735 1196 1778 num
1224 1713 1349 1787 liceret,

136 1817 376 1881 monasterium
399 1817 527 1902 judicio
556 1817 718 1880 canonico
745 1839 813 1882 non
841 1817 1012 1881 antelato
1040 1816 1204 1882 claudere.
1250 1817 1350 1902 Ejus-

136 1921 227 1984 modi
264 1920 396 1984 indoles
430 1919 495 1984 fuit
523 1929 634 1984 sectae
665 1928 767 2006 atquc
800 1920 984 2006 ingenium,
1020 1920 1186 2007 ejusmodi
1221 1921 1351 1985 unimus

139 2045 261 2102 earum,
285 2043 371 2110 quae
393 2023 524 2109 legibus
547 2023 691 2108 pietatis,
714 2023 923 2104 humilitatis,
947 2023 1159 2089 obedientiae
1175 2023 1350 2088 sanctiori-

139 2127 205 2190 bus
233 2148 269 2189 se
299 2127 493 2200 vinxerant,
530 2125 695 2212 ejusmodi
728 2126 929 2190 Jansenismi
958 2128 992 2191 in
1022 2126 1171 2192 claustro
1201 2126 1350 2204 effectus,

139 2229 299 2306 doctrina,
316 2229 502 2314 disciplina.
546 2229 722 2316 Ejusmodi
739 2230 888 2295 conditio
904 2229 968 2295 fuit
983 2231 1230 2318 Portus-Regii.

203 2332 253 2397 Ex
279 2332 346 2396 hoc
372 2332 547 2397 dissidium
578 2334 611 2396 in
637 2333 810 2398 ecclesiam
834 2333 1096 2411 disseminatum,
1123 2333 1294 2400 discordia
1315 2335 1349 2398 iu

138 2435 263 2501 Christi
286 2458 390 2522 regno
415 2435 492 2512 alta,
519 2435 704 2501 diffidentia
725 2437 812 2502 inter
835 2437 1023 2503 catholicos
1044 2457 1209 2523 respersa,
1232 2438 1348 2501 inobe-

136 2539 264 2604 dientia
294 2551 326 2603 et
356 2540 569 2604 irreverentia
606 2561 685 2626 erga
713 2541 824 2606 sedem
856 2541 1078 2627 apostolicam
1109 2541 1349 2616 commendata,

134 2643 306 2707 inimicitia
322 2643 355 2706 in
371 2640 488 2706 animis
505 2642 632 2718 dissita,
648 2643 813 2708 acerbitas
828 2644 914 2709 inter
928 2652 1128 2730 potestatem
1145 2644 1349 2730 spiritualem

135 2757 170 2811 et
186 2747 391 2810 saecularem
408 2747 561 2822 excitata,
577 2746 727 2810 nixarum
745 2747 917 2812 contentio
932 2747 1023 2812 facta
1038 2755 1099 2812 est.

200 2847 251 2912 Eo
283 2869 362 2913 vero
393 2849 497 2935 magis
532 2858 633 2935 atque
668 2848 769 2914 latius
804 2851 909 2935 pestis
939 2851 1003 2915 ista
1040 2873 1082 2914 ex
1111 2849 1349 2936 Portu-Regio

136 2973 296 3016 emanans
318 2953 493 3038 grassavit,
517 2973 585 3038 quo
602 2952 768 3016 occultius
784 2963 818 3019 et
833 2954 1031 3038 prudentius
1047 2975 1210 3018 venenum
1227 2953 1299 3038 ejus
1315 2953 1348 3016 in

136 3054 308 3122 hominum
326 3055 453 3118 animos
469 3055 616 3119 infusum
632 3055 863 3144 intrusumque
880 3065 940 3121 est.
978 3057 1097 3142 Specie
1113 3066 1146 3120 et
1160 3065 1347 3141 praetextu,

138 3180 282 3225 errorem
315 3158 546 3223 Calvinianum
577 3160 812 3246 oppugnandi,
841 3159 1127 3224 Jansenianismus
1156 3159 1282 3244 ubique
1312 3180 1348 3223 sc

136 3261 311 3348 portendit
335 3262 423 3326 etin
445 3261 588 3330 medium
612 3262 751 3346 prodiit:
775 3262 977 3338 Calvinismo
1000 3263 1135 3327 innixus
1158 3261 1348 3348 dogmatico

141 3364 336 3450 principium
361 3364 432 3450 ejus
455 3364 715 3429 democraticum
736 3366 849 3431 intulit
869 3367 970 3430 rebus
986 3365 1140 3452 publicis.
1185 3365 1349 3428 Condem-

139 3476 218 3532 nata
232 3467 384 3532 doctrina
398 3465 601 3532 Janseniaua
617 3478 668 3532 est
684 3469 847 3534 etiterum
865 3469 976 3534 verbis
992 3468 1076 3545 aliis,
1093 3469 1236 3544 astutiis,
1253 3467 1348 3532 fallu-

139 3571 199 3635 ciis
222 3571 376 3636 omnibus
399 3568 514 3636 eadem
537 3579 757 3656 propugnata.
803 3571 921 3661 Neque
944 3571 1014 3636 ulla
1035 3582 1182 3658 unquam
1200 3569 1349 3636 haeresis

139 3673 205 3739 hoc
221 3674 320 3739 modo
337 3673 502 3751 fraudum,
524 3675 781 3752 mendaciorum,
803 3676 1019 3741 calliditatum
1042 3675 1169 3740 artibus
1187 3697 1222 3738 se
1239 3673 1347 3739 invol-

138 3778 197 3854 vit,
220 3777 372 3842 homiues
398 3777 538 3864 decepit,
562 3779 690 3842 animos
719 3779 935 3864 perturbavit,
958 3787 992 3842 at
1017 3787 1127 3843 tamen
1151 3777 1350 3842 catholicam

139 3890 241 3966 atque
258 3880 518 3945 ecclesiasticam
534 3904 569 3945 se
586 3903 660 3945 esse
681 3883 930 3967 praesumpsit3¹
947 3882 1029 3968 quin
1044 3883 1110 3945 imo
1125 3903 1179 3944 res
1196 3881 1348 3966 publicas

138 3984 287 4050 maxime
304 3985 471 4068 pervertit,
494 3992 527 4048 et
549 3963 711 4049 adversus
733 3984 997 4050 ecclesiasticum
1013 3985 1161 4050 ordinem
1178 3995 1211 4049 et
1226 3993 1349 4049 statum

137 4085 300 4152 luctando
336 4087 507 4171 publicum
539 4109 676 4174 quoque
706 4096 740 4152 et
769 4087 898 4153 civilem
927 4089 962 4152 in
991 4087 1168 4153 discrimen
1198 4087 1348 4162 adduxit,

137 4189 313 4276 principiis
339 4190 409 4254 suis
436 4189 667 4256 democraticis
695 4213 769 4256 eum
795 4213 963 4278 aggressa.
1008 4193 1075 4256 Aut
1101 4191 1176 4278 quis
1203 4198 1264 4268 est,
1291 4191 1350 4276 qui

138 4315 207 4358 rem
228 4293 276 4358 ita
291 4313 327 4358 se
342 4293 467 4358 habere
482 4304 582 4382 neget
596 4293 712 4383 legens
728 4294 811 4359 illud
826 4293 966 4362 Nicolii:
990 4294 1208 4370 „seutentiam
1225 4293 1348 4359 docen-

139 4405 215 4473 tem,
238 4396 273 4460 in
294 4397 395 4462 rebus
416 4397 613 4484 dogmaticis
635 4397 831 4464 definiendis
854 4397 1015 4464 ecclesiae
1037 4386 1194 4464 absolute
1210 4397 1349 4462 creden·

140 4499 220 4566 dum
235 4522 323 4588 esse,
340 4523 486 4568 errorem
501 4524 575 4568 esse
591 4502 698 4568 effatis
715 4501 859 4568 omnium
875 4499 1110 4587 theologorum
1127 4499 1349 4578 adversatum,

138 4625 250 4693 neque
287 4603 558 4672 contendendum
594 4606 723 4695 absque
759 4605 901 4672 maximo
937 4603 1084 4671 hominis
1118 4605 1284 4692 vituperio
1316 4613 1350 4672 ct
