3050 5046
617 293 819 394 Q

108 507 242 566 motora
258 498 301 564 ad
316 499 469 587 singulos
485 508 580 564 aetus
596 497 842 564 determinetur.
888 497 1037 564 influxus
1052 499 1176 585 primae
1193 521 1324 576 causae,

108 603 243 670 scilieet
265 601 317 667 dei
341 603 482 690 ejusque
505 625 667 668 summum
689 603 722 666 in
739 610 909 670 creaturas
925 602 1123 680 dominium,
1147 603 1243 668 sicuti
1261 603 1324 668 ho·

108 707 209 770 minis
230 706 409 793 indigentis
432 705 599 770 humilitas
616 706 714 772 etiam
728 707 763 770 iu
778 705 841 771 hac
856 727 891 770 re
907 706 1127 772 demonstrari
1143 707 1258 787 debet,
1283 728 1323 772 co

108 808 206 896 quod
233 819 266 873 et
293 808 382 873 bona
402 808 561 874 voluntas
583 817 616 874 et
636 811 804 896 potentia,
828 831 1015 875 consensus
1036 818 1070 876 et
1091 820 1187 876 actus
1209 832 1228 874 a
1250 810 1325 876 sole

107 914 218 1000 gratia
234 911 436 978 deriventur.

179 1014 273 1096 Quae
290 1014 604 1102 praedeterminatio
623 1015 763 1102 physica
779 1015 877 1080 etiam
895 1015 1000 1101 primo
1013 1013 1139 1080 homini
1153 1017 1325 1082 innocenti

109 1119 303 1186 necessaria
318 1118 391 1184 fuit.

179 1222 243 1288 Est
258 1230 366 1286 autern
381 1270 398 1297 „
408 1221 833 1308 praedeterminatio“
848 1221 877 1286 is
892 1220 1018 1307 gratiae
1029 1229 1151 1301 motus,
1168 1223 1226 1309 qui
1242 1245 1322 1288 oon·

110 1348 249 1391 sensnm
287 1325 454 1390 antecedit
489 1326 661 1411 prioritate
697 1324 905 1390 causalitatis
941 1332 975 1388 et
1003 1323 1325 1410 dependentiam'et

107 1428 346 1516 „physica“
370 1428 568 1501 nominatur,
592 1430 672 1516 quia
694 1450 735 1492 ex
759 1428 895 1514 propria
917 1427 1064 1491 essentia
1086 1436 1120 1492 et
1141 1429 1183 1493 ab
1206 1430 1323 1494 intrin-

109 1554 193 1598 seco
218 1531 336 1597 efficax
360 1544 420 1609 est,
443 1531 706 1617 independenter
728 1553 747 1594 a
770 1551 983 1617 quocumque
1006 1540 1119 1596 creato
1143 1554 1323 1600 consensu.

111 1636 232 1702 Gratia
254 1636 373 1700 exinde
389 1657 409 1698 a
430 1657 472 1700 se
495 1634 649 1699 efficax
673 1641 886 1718 nuncupatur
901 1642 1018 1698 natura
1034 1655 1095 1698 sua
1111 1645 1143 1699 et
1159 1636 1191 1699 vi
1207 1637 1323 1702 intrin-

110 1761 191 1806 seca
207 1748 316 1804 actum
333 1738 537 1803 includendo
554 1749 587 1802 et
602 1736 787 1800 voluntatis
802 1735 1125 1804 flexumefticiendo.

176 1843 331 1908 Libertas
347 1865 420 1906 curn
437 1841 501 1906 hac
513 1841 619 1928 gratia
629 1839 952 1925 praedeterminante
967 1840 1083 1904 illaesa
1098 1850 1186 1906 stare
1200 1851 1322 1927 potest,

110 1947 300 2012 libertatern
324 1944 486 2032 ejusmodi
511 1943 822 2030 praedeterminatio
851 1965 919 2006 non
943 1945 1076 2019 evertit,
1107 1945 1323 2013 distinctione

112 2071 233 2116 sensus
258 2049 436 2135 compositi
459 2056 492 2114 et
514 2047 612 2112 divisi
636 2045 791 2122 admissa,
816 2067 855 2110 ex
880 2068 946 2132 qua
970 2047 1037 2112 fieri
1054 2070 1121 2112 non
1139 2058 1261 2134 potest,
1284 2061 1323 2116 ut

114 2153 215 2218 horno
231 2152 331 2216 simul
352 2135 527 2217 adactum
549 2150 687 2236 physice
709 2149 946 2214 determinatus
962 2149 1163 2216 dissentiens
1179 2162 1213 2217 et
1234 2153 1321 2220 relu-

115 2265 210 2320 ctans
237 2255 391 2330 obsistat,
419 2255 576 2342 quoniam
599 2252 806 2340 impossibile
830 2261 890 2329 est,
918 2255 1084 2319 contraria
1108 2257 1321 2343 conjungere,

112 2358 321 2446 impossibile
345 2359 453 2436 etiam,
475 2366 514 2423 ut
536 2358 594 2445 qui
616 2357 718 2422 semel
740 2355 783 2420 ad
806 2356 971 2444 agendum
987 2356 1226 2424 determinatus
1242 2382 1322 2447 sup·

112 2464 261 2549 ponitur,
291 2463 401 2549 possit
430 2461 528 2526 simul
558 2460 704 2548 supponi
735 2481 803 2526 non
832 2482 939 2548 agere,
971 2463 1123 2547 quamvis
1152 2485 1231 2528 vera
1252 2484 1321 2530 non

108 2565 231 2655 agendi
249 2573 416 2652 potestate
433 2574 624 2631 exornatus.
668 2563 706 2627 In
723 2585 825 2628 sensu
841 2567 1039 2650 composito,
1061 2565 1171 2640 idest,
1194 2589 1321 2653 suppo·

109 2673 176 2735 site
198 2670 324 2757 gratiae
347 2669 538 2743 collatione,
562 2676 738 2754 praesente
754 2667 873 2754 gratia;
897 2668 930 2731 in
947 2689 1048 2733 sensu
1064 2668 1184 2745 diviso,
1207 2669 1321 2748 idest,

108 2771 277 2838 absolute.
337 2770 432 2852 Quae
467 2770 601 2858 quidem
632 2770 804 2836 distinctio
834 2771 931 2835 nimis
961 2771 1113 2836 sublimis
1142 2773 1221 2838 mihi
1251 2795 1320 2839 non

107 2876 283 2962 probatur.

174 2978 269 3044 Sient
283 2975 479 3042 Themistae
495 2976 541 3041 ita
558 2985 590 3041 et
606 2975 662 3040 alii
681 2974 821 3064 gratiam
837 2997 879 3041 ex
895 2998 940 3052 se,
964 2985 1084 3043 natura
1100 3001 1170 3057 sua,
1194 2987 1227 3046 et
1242 3002 1321 3067 pro-

108 3082 186 3168 pria
202 3082 325 3146 virtute
341 3080 506 3145 efficacem
523 3079 668 3156 tradunt,
685 3090 742 3143 aut
758 3079 941 3144 doctrinam
959 3103 1021 3146 suo
1038 3103 1129 3148 more
1145 3093 1320 3162 exstruen-

107 3196 171 3262 tes,
202 3192 261 3250 aut
286 3185 392 3270 ipsius
417 3181 567 3248 Jansenii
594 3192 740 3272 systema
766 3184 911 3270 quodam
935 3185 1035 3250 modo
1059 3185 1256 3264 mollientes,
1280 3210 1321 3257 ex

109 3289 235 3376 quibus
257 3288 500 3376 Augustiniani,
522 3309 664 3374 qnorum
681 3287 745 3352 sibi
764 3309 884 3352 nomen
899 3287 1092 3354 danseniani
1108 3311 1245 3378 quoque
1263 3293 1319 3374 tri7

107 3392 228 3456 buunt.
263 3389 329 3472 Qui
359 3401 466 3456 tamen
495 3411 594 3456 veros
627 3412 663 3455 se
693 3392 956 3478 Augustinianos
985 3393 1167 3476 nominant,
1194 3415 1213 3457 a
1238 3394 1319 3460 Jan·

110 3495 259 3564 senianis
285 3516 425 3582 prorsus
451 3493 580 3558 alienos
603 3515 639 3558 se
662 3515 736 3558 esse
759 3502 934 3562 testantur.
980 3494 1114 3562 Gratiae
1137 3497 1319 3566 efficaciam

111 3621 154 3664 ex
182 3597 404 3664 delectatione
431 3597 570 3663 coelesti
593 3597 770 3682 provenire
792 3608 956 3676 asserunt,
981 3621 1068 3687 quae
1090 3601 1119 3665 si
1142 3601 1263 3666 ardens
1285 3614 1320 3670 et

108 3701 290 3767 vehemens
313 3702 366 3776 sit,
389 3701 510 3766 victrix
532 3701 603 3765 sive
626 3699 745 3766 efficax
769 3701 941 3778 habeatur,
966 3704 993 3768 si
1015 3702 1143 3768 infirma
1164 3713 1197 3770 et
1216 3705 1317 3784 lassa,

108 3804 281 3870 sufficiens
308 3812 492 3870 censeatur.
548 3806 701 3870 Attamen
732 3805 898 3870 victricem
929 3807 1066 3893 gratiam
1096 3829 1165 3872 non
1196 3809 1318 3876 inferre

106 3908 342 3972 necessitatem
365 3907 494 3985 volunt,
517 3908 725 3974 infallibilem
750 3909 892 3995 quidem,
919 3909 1070 3975 sednon
1094 3913 1317 3978 necessarium

106 4011 260 4076 effectum
285 4011 469 4097 producere
493 4020 690 4081 asserentes.
740 4011 964 4079 Jansenianos
986 4015 1125 4100 gratiam
1147 4017 1317 4082 victricem

106 4115 362 4180 necessitantem
380 4135 601 4202 propugnare,
618 4137 686 4180 non
702 4138 738 4180 se
754 4117 849 4202 ipsos
866 4117 1012 4184 eandem.
1051 4117 1316 4186 Delectationem

106 4218 194 4284 hano
225 4228 294 4284 tum
324 4219 501 4295 moraliter,
531 4230 600 4284 tum
626 4219 767 4306 physice
792 4220 960 4286 hominem
985 4233 1134 4300 movete3
1165 4225 1197 4288 in
1225 4233 1315 4290 statu

107 4334 246 4391 naturae
272 4326 420 4412 integrae
446 4323 623 4400 moraliter,
654 4324 686 4387 in
713 4334 803 4388 statu
832 4324 948 4411 lapsae
977 4325 1137 4415 physice3
1166 4328 1200 4391 in
1224 4337 1314 4394 statu

107 4439 247 4495 naturae
282 4429 429 4518 integrae
466 4427 855 4514 praedeterminationem
891 4428 1063 4515 physicam
1094 4432 1314 4504 necessariam

106 4556 174 4600 non
191 4555 275 4613 esse,
291 4534 323 4598 in
341 4541 429 4598 statu
446 4531 559 4626 lapsae
575 4533 794 4598 necessariam
811 4554 894 4615 esee,
