<?xml version="1.0" encoding="UTF-8"?>
<!DOCTYPE html PUBLIC "-//W3C//DTD XHTML 1.0 Transitional//EN"
    "http://www.w3.org/TR/xhtml1/DTD/xhtml1-transitional.dtd">
<html xmlns="http://www.w3.org/1999/xhtml" xml:lang="en" lang="en">
 <head>
  <title>
</title>
<meta http-equiv="Content-Type" content="text/html;charset=utf-8" />
  <meta name='ocr-system' content='tesseract 3.04.00' />
  <meta name='ocr-capabilities' content='ocr_page ocr_carea ocr_par ocr_line ocrx_word'/>
</head>
<body>
  <div class='ocr_page' id='page_1' title='image "./dejansenismiori00kleigoog_0057.png"; bbox 0 0 3084 5056; ppageno 0'>
   <div class='ocr_carea' id='block_1_1' title="bbox 782 351 826 417">
    <p class='ocr_par' dir='ltr' id='par_1_1' title="bbox 782 351 826 417">
     <span class='ocr_line' id='line_1_1' title="bbox 782 351 826 417; baseline 0.045 -2"><span class='ocrx_word' id='word_1_1' title='bbox 782 351 826 417; x_wconf 84' lang='grc'>48</span> 
     </span>
    </p>
   </div>
   <div class='ocr_carea' id='block_1_2' title="bbox 701 439 902 448">
    <p class='ocr_par' dir='ltr' id='par_1_2' title="bbox 701 439 902 448">
     <span class='ocr_line' id='line_1_2' title="bbox 701 439 902 448; baseline 0 0"><span class='ocrx_word' id='word_1_2' title='bbox 701 439 902 448; x_wconf 51' lang='grc' dir='ltr'>ι-α--ῌ</span> 
     </span>
    </p>
   </div>
   <div class='ocr_carea' id='block_1_3' title="bbox 143 552 1480 3740">
    <p class='ocr_par' dir='ltr' id='par_1_3' title="bbox 195 552 1480 2500">
     <span class='ocr_line' id='line_1_3' title="bbox 198 552 1407 640; baseline 0.001 -20"><span class='ocrx_word' id='word_1_3' title='bbox 198 554 364 622; x_wconf 85' lang='lat' dir='ltr'>dedecore</span> <span class='ocrx_word' id='word_1_4' title='bbox 376 553 442 633; x_wconf 74' lang='lat' dir='ltr'>¹l;“</span> <span class='ocrx_word' id='word_1_5' title='bbox 465 552 583 640; x_wconf 84' lang='lat' dir='ltr'>legens</span> <span class='ocrx_word' id='word_1_6' title='bbox 598 552 692 630; x_wconf 90' lang='lat' dir='ltr'>illud,</span> <span class='ocrx_word' id='word_1_7' title='bbox 709 553 802 640; x_wconf 89' lang='lat' dir='ltr'>quod</span> <span class='ocrx_word' id='word_1_8' title='bbox 816 554 852 617; x_wconf 89' lang='lat' dir='ltr'>in</span> <span class='ocrx_word' id='word_1_9' title='bbox 866 553 953 619; x_wconf 87' lang='lat' dir='ltr'>libro</span> <span class='ocrx_word' id='word_1_10' title='bbox 971 554 1117 640; x_wconf 83' lang='lat' dir='ltr'>quodam</span> <span class='ocrx_word' id='word_1_11' title='bbox 1131 555 1355 621; x_wconf 86' lang='lat' dir='ltr'>Janseuistico</span> <span class='ocrx_word' id='word_1_12' title='bbox 1370 557 1407 620; x_wconf 92' lang='lat' dir='ltr'>in</span> 
     </span>
     <span class='ocr_line' id='line_1_4' title="bbox 195 656 1408 746; baseline 0.002 -24"><span class='ocrx_word' id='word_1_13' title='bbox 195 657 423 746; x_wconf 85' lang='lat' dir='ltr'>Portu-Regio</span> <span class='ocrx_word' id='word_1_14' title='bbox 441 666 577 721; x_wconf 85' lang='lat' dir='ltr'>exarato</span> <span class='ocrx_word' id='word_1_15' title='bbox 594 656 784 722; x_wconf 79' lang='lat' dir='ltr'>exhibetur:</span> <span class='ocrx_word' id='word_1_16' title='bbox 808 657 985 743; x_wconf 86' lang='lat' dir='ltr'>„injustam</span> <span class='ocrx_word' id='word_1_17' title='bbox 1009 659 1121 722; x_wconf 86' lang='lat' dir='ltr'>curiae</span> <span class='ocrx_word' id='word_1_18' title='bbox 1135 680 1293 724; x_wconf 86' lang='lat' dir='ltr'>romanae</span> <span class='ocrx_word' id='word_1_19' title='bbox 1314 681 1408 724; x_wconf 82' lang='lat' dir='ltr'>arro·</span> 
     </span>
     <span class='ocr_line' id='line_1_5' title="bbox 196 759 1480 850; baseline 0.001 -24"><span class='ocrx_word' id='word_1_20' title='bbox 196 763 340 850; x_wconf 83' lang='lat' dir='ltr'>gantiam</span> <span class='ocrx_word' id='word_1_21' title='bbox 363 771 397 826; x_wconf 90' lang='lat' dir='ltr'>et</span> <span class='ocrx_word' id='word_1_22' title='bbox 417 761 668 846; x_wconf 78' lang='lat' dir='ltr'><strong>usurpationem</strong></span> <span class='ocrx_word' id='word_1_23' title='bbox 691 782 776 836; x_wconf 91' lang='lat' dir='ltr'>esse,</span> <span class='ocrx_word' id='word_1_24' title='bbox 799 782 886 847; x_wconf 88' lang='lat' dir='ltr'>quae</span> <span class='ocrx_word' id='word_1_25' title='bbox 907 759 1104 826; x_wconf 81' lang='lat' dir='ltr'>haeresibus</span> <span class='ocrx_word' id='word_1_26' title='bbox 1125 762 1353 828; x_wconf 83' lang='lat' dir='ltr'>exsistentiam</span> <span class='ocrx_word' id='word_1_27' title='bbox 1375 773 1409 827; x_wconf 90' lang='lat' dir='ltr'>et</span> <span class='ocrx_word' id='word_1_28' title='bbox 1476 843 1480 850; x_wconf 26' lang='grc' dir='ltr'>ι</span> 
     </span>
     <span class='ocr_line' id='line_1_6' title="bbox 199 863 1409 951; baseline 0 -21"><span class='ocrx_word' id='word_1_29' title='bbox 199 864 488 930; x_wconf 84' lang='lat' dir='ltr'>conservationem</span> <span class='ocrx_word' id='word_1_30' title='bbox 512 863 724 950; x_wconf 68' lang='lat' dir='ltr'>praebeat2);</span> <span class='ocrx_word' id='word_1_31' title='bbox 748 863 863 950; x_wconf 86' lang='lat' dir='ltr'>legens</span> <span class='ocrx_word' id='word_1_32' title='bbox 885 863 969 930; x_wconf 90' lang='lat' dir='ltr'>illud</span> <span class='ocrx_word' id='word_1_33' title='bbox 993 865 1140 951; x_wconf 89' lang='lat' dir='ltr'>ejusdem</span> <span class='ocrx_word' id='word_1_34' title='bbox 1163 865 1254 930; x_wconf 84' lang='lat' dir='ltr'>libri:</span> <span class='ocrx_word' id='word_1_35' title='bbox 1286 865 1409 942; x_wconf 87' lang='lat' dir='ltr'>„luno-</span> 
     </span>
     <span class='ocr_line' id='line_1_7' title="bbox 198 966 1410 1054; baseline 0.001 -21"><span class='ocrx_word' id='word_1_36' title='bbox 198 969 340 1034; x_wconf 90' lang='lat' dir='ltr'>centium</span> <span class='ocrx_word' id='word_1_37' title='bbox 364 967 406 1031; x_wconf 89' lang='lat' dir='ltr'>X.</span> <span class='ocrx_word' id='word_1_38' title='bbox 430 967 578 1054; x_wconf 92' lang='lat' dir='ltr'>quinque</span> <span class='ocrx_word' id='word_1_39' title='bbox 602 967 854 1053; x_wconf 86' lang='lat' dir='ltr'>propositiones</span> <span class='ocrx_word' id='word_1_40' title='bbox 883 966 1073 1033; x_wconf 88' lang='lat' dir='ltr'>damnando</span> <span class='ocrx_word' id='word_1_41' title='bbox 1096 969 1132 1033; x_wconf 91' lang='lat' dir='ltr'>id</span> <span class='ocrx_word' id='word_1_42' title='bbox 1154 969 1348 1046; x_wconf 86' lang='lat' dir='ltr'>intendisse,</span> <span class='ocrx_word' id='word_1_43' title='bbox 1370 979 1410 1034; x_wconf 90' lang='lat' dir='ltr'>ut</span> 
     </span>
     <span class='ocr_line' id='line_1_8' title="bbox 197 1069 1410 1156; baseline -0.001 -19"><span class='ocrx_word' id='word_1_44' title='bbox 197 1070 435 1138; x_wconf 75' lang='lat' dir='ltr'>infallibilitate</span> <span class='ocrx_word' id='word_1_45' title='bbox 465 1069 609 1156; x_wconf 90' lang='lat' dir='ltr'>quadam</span> <span class='ocrx_word' id='word_1_46' title='bbox 633 1071 798 1155; x_wconf 89' lang='lat' dir='ltr'>potiretur</span> <span class='ocrx_word' id='word_1_47' title='bbox 820 1070 918 1135; x_wconf 86' lang='lat' dir='ltr'>simili</span> <span class='ocrx_word' id='word_1_48' title='bbox 940 1073 1199 1156; x_wconf 86' lang='lat' dir='ltr'>protestantium</span> <span class='ocrx_word' id='word_1_49' title='bbox 1213 1072 1344 1138; x_wconf 88' lang='lat' dir='ltr'>haeresi</span> <span class='ocrx_word' id='word_1_50' title='bbox 1368 1072 1410 1136; x_wconf 90' lang='lat' dir='ltr'>de</span> 
     </span>
     <span class='ocr_line' id='line_1_9' title="bbox 198 1172 1410 1262; baseline 0.001 -22"><span class='ocrx_word' id='word_1_51' title='bbox 198 1176 317 1262; x_wconf 89' lang='lat' dir='ltr'>spiritu</span> <span class='ocrx_word' id='word_1_52' title='bbox 339 1175 511 1260; x_wconf 83' lang='lat' dir='ltr'>privato;“</span> <span class='ocrx_word' id='word_1_53' title='bbox 535 1173 619 1238; x_wconf 91' lang='lat' dir='ltr'>illud</span> <span class='ocrx_word' id='word_1_54' title='bbox 640 1172 800 1249; x_wconf 80' lang='lat' dir='ltr'>Pascalis,</span> <span class='ocrx_word' id='word_1_55' title='bbox 823 1175 882 1261; x_wconf 90' lang='lat' dir='ltr'>qui</span> <span class='ocrx_word' id='word_1_56' title='bbox 902 1174 1033 1238; x_wconf 80' lang='lat' dir='ltr'>scribit:</span> <span class='ocrx_word' id='word_1_57' title='bbox 1058 1175 1227 1252; x_wconf 89' lang='lat' dir='ltr'>„Censura</span> <span class='ocrx_word' id='word_1_58' title='bbox 1241 1175 1410 1241; x_wconf 87' lang='lat' dir='ltr'>&#39;librorum</span> 
     </span>
     <span class='ocr_line' id='line_1_10' title="bbox 196 1277 1410 1366; baseline -0.001 -22"><span class='ocrx_word' id='word_1_59' title='bbox 196 1300 335 1344; x_wconf 90' lang='lat' dir='ltr'>romana</span> <span class='ocrx_word' id='word_1_60' title='bbox 357 1287 424 1341; x_wconf 91' lang='lat' dir='ltr'>tam</span> <span class='ocrx_word' id='word_1_61' title='bbox 448 1285 607 1362; x_wconf 88' lang='lat' dir='ltr'>corrupta</span> <span class='ocrx_word' id='word_1_62' title='bbox 629 1284 764 1364; x_wconf 88' lang='lat' dir='ltr'>tamque</span> <span class='ocrx_word' id='word_1_63' title='bbox 786 1277 893 1342; x_wconf 87' lang='lat' dir='ltr'>inscia</span> <span class='ocrx_word' id='word_1_64' title='bbox 916 1288 975 1354; x_wconf 88' lang='lat' dir='ltr'>est,</span> <span class='ocrx_word' id='word_1_65' title='bbox 998 1287 1126 1344; x_wconf 91' lang='lat' dir='ltr'>utnon</span> <span class='ocrx_word' id='word_1_66' title='bbox 1142 1277 1285 1366; x_wconf 89' lang='lat' dir='ltr'>amplius</span> <span class='ocrx_word' id='word_1_67' title='bbox 1300 1279 1410 1356; x_wconf 89' lang='lat' dir='ltr'>liceat,</span> 
     </span>
     <span class='ocr_line' id='line_1_11' title="bbox 197 1379 1414 1468; baseline 0.001 -23"><span class='ocrx_word' id='word_1_68' title='bbox 197 1381 279 1466; x_wconf 87' lang='lat' dir='ltr'>boni</span> <span class='ocrx_word' id='word_1_69' title='bbox 310 1379 438 1467; x_wconf 92' lang='lat' dir='ltr'>aliquid</span> <span class='ocrx_word' id='word_1_70' title='bbox 469 1380 622 1448; x_wconf 87' lang='lat' dir='ltr'>scribere.</span> <span class='ocrx_word' id='word_1_71' title='bbox 669 1381 742 1445; x_wconf 92' lang='lat' dir='ltr'>Deo</span> <span class='ocrx_word' id='word_1_72' title='bbox 769 1381 861 1465; x_wconf 84' lang='lat' dir='ltr'>priua</span> <span class='ocrx_word' id='word_1_73' title='bbox 889 1391 922 1444; x_wconf 91' lang='lat' dir='ltr'>et</span> <span class='ocrx_word' id='word_1_74' title='bbox 950 1382 1066 1467; x_wconf 88' lang='lat' dir='ltr'>potius</span> <span class='ocrx_word' id='word_1_75' title='bbox 1096 1403 1193 1468; x_wconf 87' lang='lat' dir='ltr'>quam</span> <span class='ocrx_word' id='word_1_76' title='bbox 1220 1381 1414 1446; x_wconf 87' lang='lat' dir='ltr'>hominibus</span> 
     </span>
     <span class='ocr_line' id='line_1_12' title="bbox 196 1482 1410 1572; baseline 0.002 -24"><span class='ocrx_word' id='word_1_77' title='bbox 196 1484 378 1572; x_wconf 85' lang='lat' dir='ltr'>parendum</span> <span class='ocrx_word' id='word_1_78' title='bbox 403 1491 464 1548; x_wconf 87' lang='lat' dir='ltr'>est.</span> <span class='ocrx_word' id='word_1_79' title='bbox 508 1482 602 1546; x_wconf 93' lang='lat' dir='ltr'>Nihil</span> <span class='ocrx_word' id='word_1_80' title='bbox 622 1484 732 1559; x_wconf 89' lang='lat' dir='ltr'>timeo,</span> <span class='ocrx_word' id='word_1_81' title='bbox 756 1483 839 1547; x_wconf 90' lang='lat' dir='ltr'>nihil</span> <span class='ocrx_word' id='word_1_82' title='bbox 861 1485 971 1568; x_wconf 79' lang='lat' dir='ltr'>spero</span> <span class='ocrx_word' id='word_1_83' title='bbox 1016 1485 1282 1572; x_wconf 84' lang='lat' dir='ltr'>Portus-Regius</span> <span class='ocrx_word' id='word_1_84' title='bbox 1305 1486 1410 1563; x_wconf 90' lang='lat' dir='ltr'>timet,</span> 
     </span>
     <span class='ocr_line' id='line_1_13' title="bbox 199 1585 1412 1674; baseline -0.001 -21"><span class='ocrx_word' id='word_1_85' title='bbox 199 1587 337 1654; x_wconf 86' lang='lat' dir='ltr'>ethaeo</span> <span class='ocrx_word' id='word_1_86' title='bbox 360 1595 412 1651; x_wconf 89' lang='lat' dir='ltr'>est</span> <span class='ocrx_word' id='word_1_87' title='bbox 434 1585 519 1649; x_wconf 86' lang='lat' dir='ltr'>mala</span> <span class='ocrx_word' id='word_1_88' title='bbox 541 1609 604 1651; x_wconf 86' lang='lat' dir='ltr'>res.</span> <span class='ocrx_word' id='word_1_89' title='bbox 650 1587 686 1650; x_wconf 93' lang='lat' dir='ltr'>Si</span> <span class='ocrx_word' id='word_1_90' title='bbox 713 1587 798 1651; x_wconf 90' lang='lat' dir='ltr'>nihil</span> <span class='ocrx_word' id='word_1_91' title='bbox 821 1586 963 1672; x_wconf 88' lang='lat' dir='ltr'>amplius</span> <span class='ocrx_word' id='word_1_92' title='bbox 985 1588 1115 1671; x_wconf 89' lang='lat' dir='ltr'>timent,</span> <span class='ocrx_word' id='word_1_93' title='bbox 1145 1609 1184 1652; x_wconf 91' lang='lat' dir='ltr'>eo</span> <span class='ocrx_word' id='word_1_94' title='bbox 1212 1589 1318 1674; x_wconf 84' lang='lat' dir='ltr'>magis</span> <span class='ocrx_word' id='word_1_95' title='bbox 1345 1589 1412 1674; x_wconf 88' lang='lat' dir='ltr'>ipsi</span> 
     </span>
     <span class='ocr_line' id='line_1_14' title="bbox 199 1689 1412 1776; baseline -0.002 -18"><span class='ocrx_word' id='word_1_96' title='bbox 199 1691 335 1760; x_wconf 89' lang='lat' dir='ltr'>timendi</span> <span class='ocrx_word' id='word_1_97' title='bbox 361 1700 467 1754; x_wconf 89' lang='lat' dir='ltr'>erunt.</span> <span class='ocrx_word' id='word_1_98' title='bbox 513 1689 641 1776; x_wconf 86' lang='lat' dir='ltr'>Cogere</span> <span class='ocrx_word' id='word_1_99' title='bbox 668 1691 865 1776; x_wconf 87' lang='lat' dir='ltr'>quempiam,</span> <span class='ocrx_word' id='word_1_100' title='bbox 896 1698 933 1754; x_wconf 91' lang='lat' dir='ltr'>ut</span> <span class='ocrx_word' id='word_1_101' title='bbox 958 1691 1064 1766; x_wconf 87' lang='lat' dir='ltr'>sileat,</span> <span class='ocrx_word' id='word_1_102' title='bbox 1093 1698 1144 1754; x_wconf 83' lang='lat' dir='ltr'>est</span> <span class='ocrx_word' id='word_1_103' title='bbox 1170 1713 1242 1754; x_wconf 92' lang='lat' dir='ltr'>eum</span> <span class='ocrx_word' id='word_1_104' title='bbox 1270 1692 1412 1756; x_wconf 86' lang='lat' dir='ltr'>maxime</span> 
     </span>
     <span class='ocr_line' id='line_1_15' title="bbox 198 1793 1412 1882; baseline 0.001 -23"><span class='ocrx_word' id='word_1_105' title='bbox 198 1794 365 1882; x_wconf 88' lang='lat' dir='ltr'>persequi.</span> <span class='ocrx_word' id='word_1_106' title='bbox 411 1793 526 1857; x_wconf 83' lang='lat' dir='ltr'>Sancti</span> <span class='ocrx_word' id='word_1_107' title='bbox 542 1814 721 1879; x_wconf 89' lang='lat' dir='ltr'>numquam</span> <span class='ocrx_word' id='word_1_108' title='bbox 743 1793 916 1858; x_wconf 86' lang='lat' dir='ltr'>siluerunt.</span> <span class='ocrx_word' id='word_1_109' title='bbox 954 1793 1079 1858; x_wconf 90' lang='lat' dir='ltr'>Verum</span> <span class='ocrx_word' id='word_1_110' title='bbox 1094 1803 1154 1868; x_wconf 86' lang='lat' dir='ltr'>est,</span> <span class='ocrx_word' id='word_1_111' title='bbox 1173 1793 1216 1858; x_wconf 91' lang='lat' dir='ltr'>ad</span> <span class='ocrx_word' id='word_1_112' title='bbox 1232 1793 1299 1860; x_wconf 92' lang='lat' dir='ltr'>hoc</span> <span class='ocrx_word' id='word_1_113' title='bbox 1314 1817 1412 1881; x_wconf 89' lang='lat' dir='ltr'>prae·</span> 
     </span>
     <span class='ocr_line' id='line_1_16' title="bbox 200 1896 1414 1982; baseline -0.001 -19"><span class='ocrx_word' id='word_1_114' title='bbox 200 1897 354 1963; x_wconf 90' lang='lat' dir='ltr'>standum</span> <span class='ocrx_word' id='word_1_115' title='bbox 372 1919 459 1982; x_wconf 90' lang='lat' dir='ltr'>opus</span> <span class='ocrx_word' id='word_1_116' title='bbox 476 1906 527 1961; x_wconf 92' lang='lat' dir='ltr'>est</span> <span class='ocrx_word' id='word_1_117' title='bbox 548 1919 611 1960; x_wconf 87' lang='lat' dir='ltr'>nos</span> <span class='ocrx_word' id='word_1_118' title='bbox 629 1896 896 1982; x_wconf 86' lang='lat' dir='ltr'>praedestinatos</span> <span class='ocrx_word' id='word_1_119' title='bbox 917 1919 1007 1976; x_wconf 88' lang='lat' dir='ltr'>esse;</span> <span class='ocrx_word' id='word_1_120' title='bbox 1031 1906 1175 1965; x_wconf 85' lang='lat' dir='ltr'>attamen</span> <span class='ocrx_word' id='word_1_121' title='bbox 1192 1919 1260 1961; x_wconf 92' lang='lat' dir='ltr'>non</span> <span class='ocrx_word' id='word_1_122' title='bbox 1277 1897 1414 1964; x_wconf 85' lang='lat' dir='ltr'>decreta</span> 
     </span>
     <span class='ocr_line' id='line_1_17' title="bbox 201 1999 1413 2087; baseline -0.001 -20"><span class='ocrx_word' id='word_1_123' title='bbox 201 2001 333 2068; x_wconf 87' lang='lat' dir='ltr'>consilii</span> <span class='ocrx_word' id='word_1_124' title='bbox 360 2001 525 2084; x_wconf 87' lang='lat' dir='ltr'>(conseil),</span> <span class='ocrx_word' id='word_1_125' title='bbox 550 2000 609 2064; x_wconf 75' lang='lat' dir='ltr'>sed</span> <span class='ocrx_word' id='word_1_126' title='bbox 632 2001 816 2066; x_wconf 86' lang='lat' dir='ltr'>necessitas</span> <span class='ocrx_word' id='word_1_127' title='bbox 839 2000 1001 2087; x_wconf 90' lang='lat' dir='ltr'>loquendi</span> <span class='ocrx_word' id='word_1_128' title='bbox 1025 1999 1177 2064; x_wconf 87' lang='lat' dir='ltr'>decidere</span> <span class='ocrx_word' id='word_1_129' title='bbox 1200 2000 1310 2078; x_wconf 88' lang='lat' dir='ltr'>debet,</span> <span class='ocrx_word' id='word_1_130' title='bbox 1334 2009 1413 2072; x_wconf 77' lang='lat' dir='ltr'>&#39;num</span> 
     </span>
     <span class='ocr_line' id='line_1_18' title="bbox 202 2103 1413 2188; baseline -0.002 -17"><span class='ocrx_word' id='word_1_131' title='bbox 202 2107 243 2171; x_wconf 92' lang='lat' dir='ltr'>ad</span> <span class='ocrx_word' id='word_1_132' title='bbox 273 2104 341 2169; x_wconf 90' lang='lat' dir='ltr'>hoc</span> <span class='ocrx_word' id='word_1_133' title='bbox 370 2103 527 2168; x_wconf 88' lang='lat' dir='ltr'>destinati</span> <span class='ocrx_word' id='word_1_134' title='bbox 557 2127 596 2168; x_wconf 91' lang='lat' dir='ltr'>ac</span> <span class='ocrx_word' id='word_1_135' title='bbox 619 2105 730 2169; x_wconf 86' lang='lat' dir='ltr'>vocati</span> <span class='ocrx_word' id='word_1_136' title='bbox 755 2105 868 2169; x_wconf 89' lang='lat' dir='ltr'>simus.</span> <span class='ocrx_word' id='word_1_137' title='bbox 923 2103 1098 2188; x_wconf 87' lang='lat' dir='ltr'>Epistolae</span> <span class='ocrx_word' id='word_1_138' title='bbox 1120 2125 1213 2168; x_wconf 90' lang='lat' dir='ltr'>meae</span> <span class='ocrx_word' id='word_1_139' title='bbox 1236 2105 1264 2168; x_wconf 92' lang='lat' dir='ltr'>si</span> <span class='ocrx_word' id='word_1_140' title='bbox 1286 2105 1413 2170; x_wconf 91' lang='lat' dir='ltr'>Romae</span> 
     </span>
     <span class='ocr_line' id='line_1_19' title="bbox 201 2205 1412 2296; baseline -0.001 -23"><span class='ocrx_word' id='word_1_141' title='bbox 201 2209 376 2292; x_wconf 89' lang='lat' dir='ltr'>damnatae</span> <span class='ocrx_word' id='word_1_142' title='bbox 399 2216 487 2282; x_wconf 90' lang='lat' dir='ltr'>sunt,</span> <span class='ocrx_word' id='word_1_143' title='bbox 517 2205 643 2272; x_wconf 87' lang='lat' dir='ltr'>factum</span> <span class='ocrx_word' id='word_1_144' title='bbox 667 2217 719 2272; x_wconf 90' lang='lat' dir='ltr'>est</span> <span class='ocrx_word' id='word_1_145' title='bbox 741 2231 780 2272; x_wconf 91' lang='lat' dir='ltr'>eo</span> <span class='ocrx_word' id='word_1_146' title='bbox 805 2207 897 2293; x_wconf 86' lang='lat' dir='ltr'>quod</span> <span class='ocrx_word' id='word_1_147' title='bbox 921 2206 1085 2282; x_wconf 86' lang='lat' dir='ltr'>damnavi,</span> <span class='ocrx_word' id='word_1_148' title='bbox 1109 2207 1151 2296; x_wconf 14' lang='lat' dir='ltr'>id?</span> <span class='ocrx_word' id='word_1_149' title='bbox 1167 2207 1259 2294; x_wconf 90' lang='lat' dir='ltr'>quod</span> <span class='ocrx_word' id='word_1_150' title='bbox 1282 2209 1412 2274; x_wconf 87' lang='lat' dir='ltr'>coelum</span> 
     </span>
     <span class='ocr_line' id='line_1_20' title="bbox 199 2309 1412 2398; baseline 0.002 -22"><span class='ocrx_word' id='word_1_151' title='bbox 199 2313 309 2398; x_wconf 87' lang='lat' dir='ltr'>ipsum</span> <span class='ocrx_word' id='word_1_152' title='bbox 326 2309 503 2376; x_wconf 83' lang='lat' dir='ltr'>damnavit.</span> <span class='ocrx_word' id='word_1_153' title='bbox 548 2310 726 2396; x_wconf 90' lang='lat' dir='ltr'>Inquisitio</span> <span class='ocrx_word' id='word_1_154' title='bbox 745 2318 899 2389; x_wconf 88' lang='lat' dir='ltr'>(censura</span> <span class='ocrx_word' id='word_1_155' title='bbox 914 2309 1074 2374; x_wconf 90' lang='lat' dir='ltr'>librorum</span> <span class='ocrx_word' id='word_1_156' title='bbox 1091 2318 1241 2390; x_wconf 87' lang='lat' dir='ltr'>romana)</span> <span class='ocrx_word' id='word_1_157' title='bbox 1258 2321 1291 2378; x_wconf 89' lang='lat' dir='ltr'>et</span> <span class='ocrx_word' id='word_1_158' title='bbox 1304 2313 1412 2380; x_wconf 89' lang='lat' dir='ltr'>socie·</span> 
     </span>
     <span class='ocr_line' id='line_1_21' title="bbox 202 2411 1282 2500; baseline -0.006 -20"><span class='ocrx_word' id='word_1_159' title='bbox 202 2427 254 2480; x_wconf 89' lang='lat' dir='ltr'>tas</span> <span class='ocrx_word' id='word_1_160' title='bbox 279 2413 383 2494; x_wconf 82' lang='lat' dir='ltr'>(Jesu)</span> <span class='ocrx_word' id='word_1_161' title='bbox 405 2412 537 2500; x_wconf 83' lang='lat' dir='ltr'>flagella</span> <span class='ocrx_word' id='word_1_162' title='bbox 552 2413 620 2477; x_wconf 92' lang='lat' dir='ltr'>duo</span> <span class='ocrx_word' id='word_1_163' title='bbox 638 2425 716 2477; x_wconf 88' lang='lat' dir='ltr'>suut</span> <span class='ocrx_word' id='word_1_164' title='bbox 731 2411 952 2492; x_wconf 83' lang='lat' dir='ltr'>veritatis³).“</span> <span class='ocrx_word' id='word_1_165' title='bbox 1280 2494 1282 2498; x_wconf 23' lang='grc' dir='ltr'>Ι</span> 
     </span>
    </p>

    <p class='ocr_par' dir='ltr' id='par_1_4' title="bbox 143 2513 1413 2908">
     <span class='ocr_line' id='line_1_22' title="bbox 266 2513 1413 2604; baseline 0 -22"><span class='ocrx_word' id='word_1_166' title='bbox 266 2517 440 2582; x_wconf 85' lang='lat' dir='ltr'>Voltarius</span> <span class='ocrx_word' id='word_1_167' title='bbox 459 2517 533 2602; x_wconf 91' lang='lat' dir='ltr'>ipse</span> <span class='ocrx_word' id='word_1_168' title='bbox 550 2515 727 2580; x_wconf 88' lang='lat' dir='ltr'>confessus</span> <span class='ocrx_word' id='word_1_169' title='bbox 751 2528 811 2591; x_wconf 86' lang='lat' dir='ltr'>est,</span> <span class='ocrx_word' id='word_1_170' title='bbox 835 2515 863 2578; x_wconf 93' lang='lat' dir='ltr'>si</span> <span class='ocrx_word' id='word_1_171' title='bbox 878 2515 960 2602; x_wconf 89' lang='lat' dir='ltr'>quid</span> <span class='ocrx_word' id='word_1_172' title='bbox 975 2513 1129 2600; x_wconf 89' lang='lat' dir='ltr'>profecto</span> <span class='ocrx_word' id='word_1_173' title='bbox 1147 2517 1297 2594; x_wconf 89' lang='lat' dir='ltr'>exsistat,</span> <span class='ocrx_word' id='word_1_174' title='bbox 1320 2516 1413 2604; x_wconf 92' lang='lat' dir='ltr'>quod</span> 
     </span>
     <span class='ocr_line' id='line_1_23' title="bbox 143 2618 1413 2706; baseline -0.002 -19"><span class='ocrx_word' id='word_1_175' title='bbox 143 2647 146 2666; x_wconf 74' lang='lat'><strong>¹</strong></span> <span class='ocrx_word' id='word_1_176' title='bbox 202 2621 409 2687; x_wconf 88' lang='lat' dir='ltr'>Ludovicum</span> <span class='ocrx_word' id='word_1_177' title='bbox 436 2619 529 2684; x_wconf 88' lang='lat' dir='ltr'>XIV.</span> <span class='ocrx_word' id='word_1_178' title='bbox 550 2641 659 2706; x_wconf 83' lang='lat' dir='ltr'>regem</span> <span class='ocrx_word' id='word_1_179' title='bbox 690 2628 829 2705; x_wconf 92' lang='lat' dir='ltr'>propter</span> <span class='ocrx_word' id='word_1_180' title='bbox 856 2619 1123 2703; x_wconf 85' lang='lat' dir='ltr'>persecutionem</span> <span class='ocrx_word' id='word_1_181' title='bbox 1145 2618 1413 2685; x_wconf 84' lang='lat' dir='ltr'>Jansenistarum</span> 
     </span>
     <span class='ocr_line' id='line_1_24' title="bbox 203 2721 1413 2810; baseline -0.001 -20"><span class='ocrx_word' id='word_1_182' title='bbox 203 2725 326 2790; x_wconf 89' lang='lat' dir='ltr'>factam</span> <span class='ocrx_word' id='word_1_183' title='bbox 344 2745 506 2788; x_wconf 87' lang='lat' dir='ltr'>excusare</span> <span class='ocrx_word' id='word_1_184' title='bbox 522 2731 555 2788; x_wconf 91' lang='lat' dir='ltr'>et</span> <span class='ocrx_word' id='word_1_185' title='bbox 570 2745 714 2810; x_wconf 83' lang='lat' dir='ltr'>purgare</span> <span class='ocrx_word' id='word_1_186' title='bbox 726 2724 845 2809; x_wconf 89' lang='lat' dir='ltr'>possit,</span> <span class='ocrx_word' id='word_1_187' title='bbox 862 2721 929 2787; x_wconf 88' lang='lat' dir='ltr'>hoc</span> <span class='ocrx_word' id='word_1_188' title='bbox 945 2723 1016 2786; x_wconf 87' lang='lat' dir='ltr'>siue</span> <span class='ocrx_word' id='word_1_189' title='bbox 1028 2721 1131 2787; x_wconf 92' lang='lat' dir='ltr'>dubio</span> <span class='ocrx_word' id='word_1_190' title='bbox 1144 2722 1234 2788; x_wconf 90' lang='lat' dir='ltr'>hunc</span> <span class='ocrx_word' id='word_1_191' title='bbox 1250 2723 1413 2810; x_wconf 85' lang='lat' dir='ltr'>epistolae</span> 
     </span>
     <span class='ocr_line' id='line_1_25' title="bbox 204 2824 570 2908; baseline 0.003 -15"><span class='ocrx_word' id='word_1_192' title='bbox 204 2828 301 2893; x_wconf 88' lang='lat' dir='ltr'>istius</span> <span class='ocrx_word' id='word_1_193' title='bbox 318 2827 429 2890; x_wconf 89' lang='lat' dir='ltr'>locum</span> <span class='ocrx_word' id='word_1_194' title='bbox 446 2848 519 2890; x_wconf 85' lang='lat' dir='ltr'>esse</span> <span class='ocrx_word' id='word_1_195' title='bbox 530 2824 570 2908; x_wconf 72' lang='lat'>⁴).</span> 
     </span>
    </p>

    <p class='ocr_par' dir='ltr' id='par_1_5' title="bbox 205 2926 1414 3116">
     <span class='ocr_line' id='line_1_26' title="bbox 213 2926 1414 3015; baseline 0 -20"><span class='ocrx_word' id='word_1_196' title='bbox 213 2948 214 2951; x_wconf 74' lang='grc'>’</span> <span class='ocrx_word' id='word_1_197' title='bbox 267 2931 335 2995; x_wconf 89' lang='lat' dir='ltr'>Res</span> <span class='ocrx_word' id='word_1_198' title='bbox 358 2951 461 3015; x_wconf 92' lang='lat' dir='ltr'>quum</span> <span class='ocrx_word' id='word_1_199' title='bbox 483 2929 531 2993; x_wconf 87' lang='lat' dir='ltr'>ita</span> <span class='ocrx_word' id='word_1_200' title='bbox 557 2951 593 2993; x_wconf 87' lang='lat' dir='ltr'>se</span> <span class='ocrx_word' id='word_1_201' title='bbox 619 2928 791 3004; x_wconf 90' lang='lat' dir='ltr'>habereut,</span> <span class='ocrx_word' id='word_1_202' title='bbox 815 2928 986 2994; x_wconf 88' lang='lat' dir='ltr'>decretum</span> <span class='ocrx_word' id='word_1_203' title='bbox 1009 2926 1153 3015; x_wconf 90' lang='lat' dir='ltr'>denique</span> <span class='ocrx_word' id='word_1_204' title='bbox 1176 2938 1238 3006; x_wconf 89' lang='lat' dir='ltr'>est,</span> <span class='ocrx_word' id='word_1_205' title='bbox 1261 2941 1300 2995; x_wconf 92' lang='lat' dir='ltr'>ut</span> <span class='ocrx_word' id='word_1_206' title='bbox 1322 2929 1414 2995; x_wconf 86' lang='lat' dir='ltr'>clau·</span> 
     </span>
     <span class='ocr_line' id='line_1_27' title="bbox 205 3030 1264 3116; baseline -0.002 -16"><span class='ocrx_word' id='word_1_207' title='bbox 205 3044 311 3100; x_wconf 86' lang='lat' dir='ltr'>strum</span> <span class='ocrx_word' id='word_1_208' title='bbox 325 3032 488 3097; x_wconf 89' lang='lat' dir='ltr'>famosum</span> <span class='ocrx_word' id='word_1_209' title='bbox 505 3030 656 3096; x_wconf 89' lang='lat' dir='ltr'>funditus</span> <span class='ocrx_word' id='word_1_210' title='bbox 673 3052 824 3095; x_wconf 88' lang='lat' dir='ltr'>eversum</span> <span class='ocrx_word' id='word_1_211' title='bbox 841 3031 1008 3096; x_wconf 89' lang='lat' dir='ltr'>deleretur</span> <span class='ocrx_word' id='word_1_212' title='bbox 1023 3053 1111 3095; x_wconf 89' lang='lat' dir='ltr'>anno</span> <span class='ocrx_word' id='word_1_213' title='bbox 1133 3031 1264 3116; x_wconf 81' lang='lat'><strong>1708⁶).</strong></span> 
     </span>
    </p>

    <p class='ocr_par' dir='ltr' id='par_1_6' title="bbox 204 3134 1418 3740">
     <span class='ocr_line' id='line_1_28' title="bbox 268 3134 1415 3224; baseline -0.001 -22"><span class='ocrx_word' id='word_1_214' title='bbox 268 3137 307 3202; x_wconf 91' lang='lat' dir='ltr'>In</span> <span class='ocrx_word' id='word_1_215' title='bbox 330 3158 409 3224; x_wconf 90' lang='lat' dir='ltr'>quo,</span> <span class='ocrx_word' id='word_1_216' title='bbox 434 3135 511 3200; x_wconf 91' lang='lat' dir='ltr'>dum</span> <span class='ocrx_word' id='word_1_217' title='bbox 535 3135 655 3211; x_wconf 86' lang='lat' dir='ltr'>stabat,</span> <span class='ocrx_word' id='word_1_218' title='bbox 679 3134 851 3200; x_wconf 89' lang='lat' dir='ltr'>distinctio</span> <span class='ocrx_word' id='word_1_219' title='bbox 873 3135 932 3200; x_wconf 87' lang='lat' dir='ltr'>illa</span> <span class='ocrx_word' id='word_1_220' title='bbox 954 3135 1145 3221; x_wconf 84' lang='lat' dir='ltr'>excogitata</span> <span class='ocrx_word' id='word_1_221' title='bbox 1167 3144 1218 3202; x_wconf 87' lang='lat' dir='ltr'>est</span> <span class='ocrx_word' id='word_1_222' title='bbox 1238 3136 1360 3215; x_wconf 84' lang='lat' dir='ltr'>„facti“</span> <span class='ocrx_word' id='word_1_223' title='bbox 1382 3145 1415 3201; x_wconf 90' lang='lat' dir='ltr'>et</span> 
     </span>
     <span class='ocr_line' id='line_1_29' title="bbox 204 3237 1416 3330; baseline -0.002 -24"><span class='ocrx_word' id='word_1_224' title='bbox 204 3241 339 3330; x_wconf 53' lang='lat' dir='ltr'>„jurisff‘</span> <span class='ocrx_word' id='word_1_225' title='bbox 371 3261 412 3304; x_wconf 90' lang='lat' dir='ltr'>ex</span> <span class='ocrx_word' id='word_1_226' title='bbox 442 3260 511 3326; x_wconf 87' lang='lat' dir='ltr'>qua</span> <span class='ocrx_word' id='word_1_227' title='bbox 540 3237 738 3316; x_wconf 88' lang='lat' dir='ltr'>docebatur,</span> <span class='ocrx_word' id='word_1_228' title='bbox 769 3238 943 3303; x_wconf 88' lang='lat' dir='ltr'>ecclesiam</span> <span class='ocrx_word' id='word_1_229' title='bbox 973 3261 1108 3304; x_wconf 91' lang='lat' dir='ltr'>sensum</span> <span class='ocrx_word' id='word_1_230' title='bbox 1137 3239 1213 3304; x_wconf 91' lang='lat' dir='ltr'>libri</span> <span class='ocrx_word' id='word_1_231' title='bbox 1237 3240 1416 3328; x_wconf 87' lang='lat' dir='ltr'>cujuslibet</span> 
     </span>
     <span class='ocr_line' id='line_1_30' title="bbox 208 3340 1415 3432; baseline -0.001 -22"><span class='ocrx_word' id='word_1_232' title='bbox 208 3344 446 3432; x_wconf 89' lang='lat' dir='ltr'>dijudicantem</span> <span class='ocrx_word' id='word_1_233' title='bbox 474 3363 544 3406; x_wconf 92' lang='lat' dir='ltr'>uon</span> <span class='ocrx_word' id='word_1_234' title='bbox 568 3340 775 3406; x_wconf 90' lang='lat' dir='ltr'>infallibilem</span> <span class='ocrx_word' id='word_1_235' title='bbox 806 3363 889 3420; x_wconf 89' lang='lat' dir='ltr'>esse,</span> <span class='ocrx_word' id='word_1_236' title='bbox 919 3350 1099 3429; x_wconf 90' lang='lat' dir='ltr'>propterea</span> <span class='ocrx_word' id='word_1_237' title='bbox 1130 3343 1224 3430; x_wconf 91' lang='lat' dir='ltr'>quod</span> <span class='ocrx_word' id='word_1_238' title='bbox 1253 3344 1295 3408; x_wconf 89' lang='lat' dir='ltr'>de</span> <span class='ocrx_word' id='word_1_239' title='bbox 1323 3343 1415 3409; x_wconf 86' lang='lat' dir='ltr'>facto</span> 
     </span>
     <span class='ocr_line' id='line_1_31' title="bbox 208 3433 1417 3534; baseline -0.002 -21"><span class='ocrx_word' id='word_1_240' title='bbox 208 3433 321 3514; x_wconf 83' lang='lat' dir='ltr'>errare</span> <span class='ocrx_word' id='word_1_241' title='bbox 340 3446 466 3532; x_wconf 81' lang='lat' dir='ltr'>possit3</span> <span class='ocrx_word' id='word_1_242' title='bbox 490 3443 700 3510; x_wconf 90' lang='lat' dir='ltr'>solummodo</span> <span class='ocrx_word' id='word_1_243' title='bbox 723 3443 765 3508; x_wconf 89' lang='lat' dir='ltr'>de</span> <span class='ocrx_word' id='word_1_244' title='bbox 785 3445 887 3510; x_wconf 89' lang='lat' dir='ltr'>rebus</span> <span class='ocrx_word' id='word_1_245' title='bbox 910 3445 1108 3534; x_wconf 87' lang='lat' dir='ltr'>dogmaticis</span> <span class='ocrx_word' id='word_1_246' title='bbox 1124 3447 1287 3534; x_wconf 85' lang='lat' dir='ltr'>judicium</span> <span class='ocrx_word' id='word_1_247' title='bbox 1303 3446 1417 3513; x_wconf 91' lang='lat' dir='ltr'>feren-</span> 
     </span>
     <span class='ocr_line' id='line_1_32' title="bbox 206 3545 1418 3637; baseline -0.001 -20"><span class='ocrx_word' id='word_1_248' title='bbox 206 3560 273 3617; x_wconf 87' lang='lat' dir='ltr'>tem</span> <span class='ocrx_word' id='word_1_249' title='bbox 296 3549 505 3616; x_wconf 89' lang='lat' dir='ltr'>infallibilem</span> <span class='ocrx_word' id='word_1_250' title='bbox 528 3547 720 3635; x_wconf 87' lang='lat' dir='ltr'>putandam.</span> <span class='ocrx_word' id='word_1_251' title='bbox 765 3545 923 3636; x_wconf 79' lang='lat' dir='ltr'>Quinque</span> <span class='ocrx_word' id='word_1_252' title='bbox 950 3550 1033 3615; x_wconf 85' lang='lat' dir='ltr'>istas</span> <span class='ocrx_word' id='word_1_253' title='bbox 1059 3550 1311 3637; x_wconf 83' lang='lat' dir='ltr'>propositiones</span> <span class='ocrx_word' id='word_1_254' title='bbox 1337 3572 1418 3637; x_wconf 91' lang='lat' dir='ltr'>pro-</span> 
     </span>
     <span class='ocr_line' id='line_1_33' title="bbox 207 3650 1418 3740; baseline -0.001 -20"><span class='ocrx_word' id='word_1_255' title='bbox 207 3655 298 3720; x_wconf 90' lang='lat' dir='ltr'>fecto</span> <span class='ocrx_word' id='word_1_256' title='bbox 329 3653 589 3740; x_wconf 86' lang='lat' dir='ltr'>proscribendas</span> <span class='ocrx_word' id='word_1_257' title='bbox 619 3673 709 3730; x_wconf 84' lang='lat' dir='ltr'>esse,</span> <span class='ocrx_word' id='word_1_258' title='bbox 738 3651 771 3714; x_wconf 93' lang='lat' dir='ltr'>iu</span> <span class='ocrx_word' id='word_1_259' title='bbox 801 3650 869 3718; x_wconf 87' lang='lat' dir='ltr'>hoo</span> <span class='ocrx_word' id='word_1_260' title='bbox 898 3661 1008 3718; x_wconf 91' lang='lat' dir='ltr'>autem</span> <span class='ocrx_word' id='word_1_261' title='bbox 1038 3675 1141 3720; x_wconf 88' lang='lat' dir='ltr'>sensu</span> <span class='ocrx_word' id='word_1_262' title='bbox 1169 3654 1418 3740; x_wconf 86' lang='lat' dir='ltr'>proscriptione</span> 
     </span>
    </p>
   </div>
   <div class='ocr_carea' id='block_1_4' title="bbox 208 3828 408 3839">
    <p class='ocr_par' dir='ltr' id='par_1_7' title="bbox 208 3828 408 3839">
     <span class='ocr_line' id='line_1_34' title="bbox 208 3828 408 3839; baseline -0.015 0"><span class='ocrx_word' id='word_1_263' title='bbox 208 3828 408 3839; x_wconf 78' lang='lat'>...-...--—--</span> 
     </span>
    </p>
   </div>
   <div class='ocr_carea' id='block_1_5' title="bbox 210 3905 1420 4498">
    <p class='ocr_par' dir='ltr' id='par_1_8' title="bbox 281 3905 1141 3978">
     <span class='ocr_line' id='line_1_35' title="bbox 281 3905 1141 3978; baseline 0.003 -18"><span class='ocrx_word' id='word_1_264' title='bbox 281 3909 303 3978; x_wconf 90' lang='lat'>¹)</span> <span class='ocrx_word' id='word_1_265' title='bbox 322 3906 452 3971; x_wconf 91' lang='lat' dir='ltr'>Nicolius,</span> <span class='ocrx_word' id='word_1_266' title='bbox 466 3905 597 3978; x_wconf 85' lang='lat' dir='ltr'>epistolae</span> <span class='ocrx_word' id='word_1_267' title='bbox 610 3907 643 3960; x_wconf 90' lang='lat' dir='ltr'>de</span> <span class='ocrx_word' id='word_1_268' title='bbox 655 3907 768 3972; x_wconf 87' lang='lat' dir='ltr'>haeresi,</span> <span class='ocrx_word' id='word_1_269' title='bbox 782 3905 853 3978; x_wconf 86' lang='lat' dir='ltr'>apud</span> <span class='ocrx_word' id='word_1_270' title='bbox 866 3906 960 3960; x_wconf 86' lang='lat' dir='ltr'>Comit.</span> <span class='ocrx_word' id='word_1_271' title='bbox 975 3907 1008 3960; x_wconf 87' lang='lat' dir='ltr'>de</span> <span class='ocrx_word' id='word_1_272' title='bbox 1020 3907 1141 3963; x_wconf 85' lang='lat' dir='ltr'>Maistre.</span> 
     </span>
    </p>

    <p class='ocr_par' dir='ltr' id='par_1_9' title="bbox 276 3992 1013 4065">
     <span class='ocr_line' id='line_1_36' title="bbox 276 3992 1013 4065; baseline 0.005 -21"><span class='ocrx_word' id='word_1_273' title='bbox 276 3995 302 4065; x_wconf 75' lang='lat'>²)</span> <span class='ocrx_word' id='word_1_274' title='bbox 322 3993 437 4046; x_wconf 88' lang='lat' dir='ltr'>Dessein</span> <span class='ocrx_word' id='word_1_275' title='bbox 450 3993 498 4047; x_wconf 86' lang='lat' dir='ltr'>des</span> <span class='ocrx_word' id='word_1_276' title='bbox 511 3993 639 4059; x_wconf 84' lang='lat' dir='ltr'>Je&#39;suites,</span> <span class='ocrx_word' id='word_1_277' title='bbox 653 3993 724 4064; x_wconf 90' lang='lat' dir='ltr'>apud</span> <span class='ocrx_word' id='word_1_278' title='bbox 738 3992 832 4046; x_wconf 89' lang='lat' dir='ltr'>Comit.</span> <span class='ocrx_word' id='word_1_279' title='bbox 846 3993 879 4048; x_wconf 86' lang='lat' dir='ltr'>de</span> <span class='ocrx_word' id='word_1_280' title='bbox 889 3993 1013 4048; x_wconf 82' lang='lat' dir='ltr'>Maistre.</span> 
     </span>
    </p>

    <p class='ocr_par' dir='ltr' id='par_1_10' title="bbox 279 4079 978 4151">
     <span class='ocr_line' id='line_1_37' title="bbox 279 4079 978 4151; baseline 0.003 -19"><span class='ocrx_word' id='word_1_281' title='bbox 279 4082 304 4151; x_wconf 84' lang='lat'>³)</span> <span class='ocrx_word' id='word_1_282' title='bbox 322 4079 443 4133; x_wconf 78' lang='lat' dir='ltr'>Peusees</span> <span class='ocrx_word' id='word_1_283' title='bbox 456 4079 489 4133; x_wconf 89' lang='lat' dir='ltr'>de</span> <span class='ocrx_word' id='word_1_284' title='bbox 501 4079 607 4147; x_wconf 86' lang='lat' dir='ltr'>Pascal,</span> <span class='ocrx_word' id='word_1_285' title='bbox 620 4080 691 4151; x_wconf 90' lang='lat' dir='ltr'>apud</span> <span class='ocrx_word' id='word_1_286' title='bbox 704 4079 798 4133; x_wconf 82' lang='lat' dir='ltr'>Comit.</span> <span class='ocrx_word' id='word_1_287' title='bbox 813 4080 845 4133; x_wconf 90' lang='lat' dir='ltr'>de</span> <span class='ocrx_word' id='word_1_288' title='bbox 857 4080 978 4137; x_wconf 87' lang='lat' dir='ltr'>Maistre.</span> 
     </span>
    </p>

    <p class='ocr_par' dir='ltr' id='par_1_11' title="bbox 276 4165 1114 4239">
     <span class='ocr_line' id='line_1_38' title="bbox 276 4165 1114 4239; baseline 0.002 -21"><span class='ocrx_word' id='word_1_289' title='bbox 276 4168 302 4237; x_wconf 80' lang='lat'>4)</span> <span class='ocrx_word' id='word_1_290' title='bbox 322 4165 450 4232; x_wconf 89' lang='lat' dir='ltr'>Voltairc‚</span> <span class='ocrx_word' id='word_1_291' title='bbox 465 4166 545 4220; x_wconf 75' lang='lat' dir='ltr'>siecle</span> <span class='ocrx_word' id='word_1_292' title='bbox 558 4166 641 4220; x_wconf 89' lang='lat' dir='ltr'>Louis</span> <span class='ocrx_word' id='word_1_293' title='bbox 653 4167 735 4234; x_wconf 77' lang='lat' dir='ltr'>mv,</span> <span class='ocrx_word' id='word_1_294' title='bbox 754 4166 825 4239; x_wconf 90' lang='lat' dir='ltr'>apud</span> <span class='ocrx_word' id='word_1_295' title='bbox 838 4167 933 4221; x_wconf 83' lang='lat' dir='ltr'>Comit.</span> <span class='ocrx_word' id='word_1_296' title='bbox 947 4167 979 4220; x_wconf 89' lang='lat' dir='ltr'>de</span> <span class='ocrx_word' id='word_1_297' title='bbox 992 4165 1114 4220; x_wconf 87' lang='lat' dir='ltr'>Maistre.</span> 
     </span>
    </p>

    <p class='ocr_par' dir='ltr' id='par_1_12' title="bbox 210 4251 1420 4498">
     <span class='ocr_line' id='line_1_39' title="bbox 279 4251 1420 4326; baseline 0.003 -21"><span class='ocrx_word' id='word_1_298' title='bbox 279 4255 304 4326; x_wconf 69' lang='grc' dir='ltr'>ὓ)</span> <span class='ocrx_word' id='word_1_299' title='bbox 323 4253 382 4306; x_wconf 92' lang='lat' dir='ltr'>Nic.</span> <span class='ocrx_word' id='word_1_300' title='bbox 394 4251 534 4318; x_wconf 86' lang='lat' dir='ltr'>Fontaine,</span> <span class='ocrx_word' id='word_1_301' title='bbox 545 4252 693 4307; x_wconf 74' lang='lat' dir='ltr'>Memoires</span> <span class='ocrx_word' id='word_1_302' title='bbox 706 4272 775 4324; x_wconf 89' lang='lat' dir='ltr'>pour</span> <span class='ocrx_word' id='word_1_303' title='bbox 787 4256 871 4308; x_wconf 87' lang='lat' dir='ltr'>servir</span> <span class='ocrx_word' id='word_1_304' title='bbox 882 4258 900 4310; x_wconf 70' lang='lat' dir='ltr'>a</span> <span class='ocrx_word' id='word_1_305' title='bbox 911 4254 1046 4321; x_wconf 86' lang='lat' dir='ltr'>l&#39;histoire‚</span> <span class='ocrx_word' id='word_1_306' title='bbox 1059 4253 1094 4308; x_wconf 91' lang='lat' dir='ltr'>du</span> <span class='ocrx_word' id='word_1_307' title='bbox 1106 4251 1283 4324; x_wconf 70' lang='lat' dir='ltr'>Post-Royul,</span> <span class='ocrx_word' id='word_1_308' title='bbox 1297 4251 1420 4324; x_wconf 83' lang='lat' dir='ltr'>Cologne</span> 
     </span>
     <span class='ocr_line' id='line_1_40' title="bbox 210 4337 1420 4414; baseline 0 -22"><span class='ocrx_word' id='word_1_309' title='bbox 210 4343 284 4398; x_wconf 80' lang='lat'>1738.</span> <span class='ocrx_word' id='word_1_310' title='bbox 301 4374 327 4382; x_wconf 85' lang='lat'>-</span> <span class='ocrx_word' id='word_1_311' title='bbox 344 4340 437 4406; x_wconf 85' lang='lat' dir='ltr'>Ritter,</span> <span class='ocrx_word' id='word_1_312' title='bbox 456 4340 566 4394; x_wconf 86' lang='lat' dir='ltr'>histoire</span> <span class='ocrx_word' id='word_1_313' title='bbox 579 4341 613 4394; x_wconf 93' lang='lat' dir='ltr'>du</span> <span class='ocrx_word' id='word_1_314' title='bbox 626 4341 802 4414; x_wconf 83' lang='lat' dir='ltr'>Port-Royel.</span> <span class='ocrx_word' id='word_1_315' title='bbox 815 4373 849 4382; x_wconf 97' lang='lat'>—</span> <span class='ocrx_word' id='word_1_316' title='bbox 861 4341 900 4394; x_wconf 89' lang='lat' dir='ltr'>La</span> <span class='ocrx_word' id='word_1_317' title='bbox 912 4341 1006 4394; x_wconf 89' lang='lat' dir='ltr'>Bonue</span> <span class='ocrx_word' id='word_1_318' title='bbox 1019 4339 1066 4412; x_wconf 86' lang='lat' dir='ltr'>foy</span> <span class='ocrx_word' id='word_1_319' title='bbox 1078 4339 1133 4394; x_wconf 88' lang='lat' dir='ltr'>Des</span> <span class='ocrx_word' id='word_1_320' title='bbox 1146 4339 1314 4393; x_wconf 86' lang='lat' dir='ltr'>Jansenistes</span> <span class='ocrx_word' id='word_1_321' title='bbox 1327 4338 1369 4392; x_wconf 83' lang='lat' dir='ltr'>En</span> <span class='ocrx_word' id='word_1_322' title='bbox 1381 4337 1420 4392; x_wconf 80' lang='lat' dir='ltr'>Lu</span> 
     </span>
     <span class='ocr_line' id='line_1_41' title="bbox 211 4425 1419 4498; baseline -0.002 -18"><span class='ocrx_word' id='word_1_323' title='bbox 211 4427 327 4480; x_wconf 82' lang='lat' dir='ltr'>Citation</span> <span class='ocrx_word' id='word_1_324' title='bbox 344 4426 399 4482; x_wconf 89' lang='lat' dir='ltr'>Des</span> <span class='ocrx_word' id='word_1_325' title='bbox 416 4427 560 4493; x_wconf 86' lang='lat' dir='ltr'>Autheurs,</span> <span class='ocrx_word' id='word_1_326' title='bbox 578 4427 721 4483; x_wconf 83' lang='lat' dir='ltr'>Reconnue</span> <span class='ocrx_word' id='word_1_327' title='bbox 738 4429 813 4484; x_wconf 90' lang='lat' dir='ltr'>Dans</span> <span class='ocrx_word' id='word_1_328' title='bbox 832 4429 884 4482; x_wconf 88' lang='lat' dir='ltr'>Les</span> <span class='ocrx_word' id='word_1_329' title='bbox 897 4427 1012 4493; x_wconf 88' lang='lat' dir='ltr'>Lettres,</span> <span class='ocrx_word' id='word_1_330' title='bbox 1026 4445 1077 4498; x_wconf 91' lang='lat' dir='ltr'>que</span> <span class='ocrx_word' id='word_1_331' title='bbox 1089 4427 1115 4481; x_wconf 84' lang='lat' dir='ltr'>le</span> <span class='ocrx_word' id='word_1_332' title='bbox 1127 4427 1277 4482; x_wconf 77' lang='lat' dir='ltr'>Sdcretaire</span> <span class='ocrx_word' id='word_1_333' title='bbox 1290 4425 1325 4478; x_wconf 93' lang='lat' dir='ltr'>du</span> <span class='ocrx_word' id='word_1_334' title='bbox 1338 4425 1419 4479; x_wconf 86' lang='lat' dir='ltr'>Port-</span> 
     </span>
    </p>
   </div>
   <div class='ocr_carea' id='block_1_6' title="bbox 210 4511 1419 4661">
    <p class='ocr_par' dir='ltr' id='par_1_13' title="bbox 210 4511 1419 4661">
     <span class='ocr_line' id='line_1_42' title="bbox 210 4511 1419 4588; baseline 0 -22"><span class='ocrx_word' id='word_1_335' title='bbox 210 4513 295 4585; x_wconf 80' lang='lat' dir='ltr'>Royal</span> <span class='ocrx_word' id='word_1_336' title='bbox 308 4531 324 4566; x_wconf 86' lang='lat' dir='ltr'>a</span> <span class='ocrx_word' id='word_1_337' title='bbox 335 4513 384 4567; x_wconf 83' lang='lat' dir='ltr'>fait</span> <span class='ocrx_word' id='word_1_338' title='bbox 396 4515 484 4568; x_wconf 86' lang='lat' dir='ltr'>courir</span> <span class='ocrx_word' id='word_1_339' title='bbox 496 4514 589 4586; x_wconf 89' lang='lat' dir='ltr'>depuis</span> <span class='ocrx_word' id='word_1_340' title='bbox 602 4515 734 4588; x_wconf 82' lang='lat' dir='ltr'>Pasqucs.</span> <span class='ocrx_word' id='word_1_341' title='bbox 772 4520 825 4570; x_wconf 89' lang='lat' dir='ltr'>Par</span> <span class='ocrx_word' id='word_1_342' title='bbox 836 4515 861 4570; x_wconf 90' lang='lat' dir='ltr'>le</span> <span class='ocrx_word' id='word_1_343' title='bbox 873 4514 904 4570; x_wconf 94' lang='lat' dir='ltr'>P.</span> <span class='ocrx_word' id='word_1_344' title='bbox 917 4515 1046 4580; x_wconf 79' lang='lat' dir='ltr'>Francois</span> <span class='ocrx_word' id='word_1_345' title='bbox 1060 4516 1159 4583; x_wconf 81' lang='lat' dir='ltr'>Anuat,</span> <span class='ocrx_word' id='word_1_346' title='bbox 1171 4513 1204 4569; x_wconf 89' lang='lat' dir='ltr'>de</span> <span class='ocrx_word' id='word_1_347' title='bbox 1215 4513 1242 4568; x_wconf 88' lang='lat' dir='ltr'>la</span> <span class='ocrx_word' id='word_1_348' title='bbox 1255 4511 1419 4584; x_wconf 73' lang='lat' dir='ltr'>compagnie</span> 
     </span>
     <span class='ocr_line' id='line_1_43' title="bbox 210 4600 569 4661; baseline 0.003 -6"><span class='ocrx_word' id='word_1_349' title='bbox 210 4601 243 4655; x_wconf 91' lang='lat' dir='ltr'>de</span> <span class='ocrx_word' id='word_1_350' title='bbox 255 4600 329 4655; x_wconf 84' lang='lat' dir='ltr'>Jesu.</span> <span class='ocrx_word' id='word_1_351' title='bbox 365 4601 480 4656; x_wconf 85' lang='lat' dir='ltr'>AParis</span> <span class='ocrx_word' id='word_1_352' title='bbox 494 4604 569 4661; x_wconf 76' lang='lat'><strong>1657.</strong></span> 
     </span>
    </p>
   </div>
   <div class='ocr_carea' id='block_1_7' title="bbox 0 0 1560 5056">
    <p class='ocr_par' dir='ltr' id='par_1_14' title="bbox 0 0 1560 5056">
     <span class='ocr_line' id='line_1_44' title="bbox 0 0 1560 5056; baseline 0 0"><span class='ocrx_word' id='word_1_353' title='bbox 0 0 1560 5056; x_wconf 95' lang='lat' dir='ltr'> </span> 
     </span>
    </p>
   </div>
  </div>
 </body>
</html>
