3050 5046
637 299 838 401 At..

123 499 299 580 reddatur,
321 501 369 568 ita
390 509 428 568 ut
449 502 581 568 minime
602 503 776 592 intelligat,
799 503 962 569 extricare
983 525 1020 569 se
1035 502 1206 592 quomodo
1222 502 1341 589 possit.
1395 543 1402 552 -

123 603 288 688 Jesuitas,
311 604 355 672 H.
377 603 417 672 E.
440 605 652 695 Pelagianos,
676 607 720 672 ob
745 606 903 693 dogmata
925 603 1076 693 ipsorum
1098 621 1186 670 amat
1207 605 1286 671 mire
1310 613 1343 670 et

124 707 235 786 fovet,
263 707 509 774 Jansenitarum
539 733 711 776 numerum
741 733 890 776 crescere
919 711 1026 776 videt:
1050 709 1115 775 hos
1145 720 1253 774 tamen
1280 731 1341 774 ceu

123 812 319 899 Augustini,
348 812 405 877 imi
431 812 464 878 S.
487 813 583 878 Pauli
606 813 802 880 defensores
829 813 1061 888 condemnare,
1087 813 1241 899 adeoque
1263 811 1340 878 diri·

121 936 219 980 mere
247 915 338 980 litem
368 937 436 980 non
467 918 626 983 sustinet:
655 917 791 1005 longius
819 916 958 1004 aliquod
987 917 1190 1004 graviusque
1220 915 1341 980 malum

122 1014 368 1084 subodoratur.
414 1019 478 1086 Per
510 1020 686 1086 cuniculos
714 1023 839 1107 itaque,
868 1041 930 1106 per
958 1019 1098 1085 technas
1128 1019 1259 1106 agenda
1287 1040 1340 1082 res

121 1122 246 1188 merito
276 1121 343 1208 ipsi
371 1123 513 1198 videtur.
542 1123 645 1212 idque
676 1125 779 1200 brevi,
810 1123 922 1198 credo,
953 1122 1134 1188 audiemus.
1189 1121 1277 1186 Sanc
1307 1121 1340 1186 in

126 1224 299 1310 capitibus
323 1233 391 1289 tam
413 1227 572 1313 gravibus
595 1235 696 1314 atque
719 1226 833 1292 arduis
855 1227 992 1292 liberam
1014 1226 1132 1312 utique
1152 1224 1340 1312 relinquere

124 1328 218 1414 parti
240 1329 449 1405 sententiam,
473 1329 501 1394 si
523 1329 717 1417 dignitatem
733 1331 829 1406 tueri,
854 1330 883 1393 si
898 1329 1019 1396 famam
1035 1329 1125 1405 velit,
1149 1328 1339 1393 consultum

122 1430 262 1496 minime
285 1431 355 1496 erit.
400 1430 478 1517 Ipsa
499 1454 612 1519 regum
635 1442 737 1520 atque
751 1432 941 1519 principum
957 1432 1118 1518 exempla,
1141 1432 1338 1496 sententiam

123 1541 251 1598 certam
281 1533 360 1598 hnic
389 1534 522 1600 tandem
553 1537 691 1602 oraculo
722 1537 917 1622 expriment.
972 1535 1058 1600 Nam
1088 1535 1164 1601 dum
1196 1544 1339 1600 exeunte

122 1635 230 1722 hujus
253 1636 332 1700 anni
353 1658 465 1703 mense
486 1636 667 1704 Februario
689 1639 846 1704 Sarbena
866 1638 1016 1704 Parisino
1039 1638 1081 1703 ad
1102 1638 1207 1703 dirum
1224 1636 1338 1725 cyclo·

123 1739 193 1826 pini
209 1740 381 1827 cujusdam
405 1742 560 1807 monachi
575 1742 706 1820 librum,
729 1753 845 1807 contra
860 1742 1071 1808 Jansenistas
1086 1741 1245 1826 scriptum
1261 1762 1338 1805 cen·

123 1842 278 1920 sendum,
300 1853 505 1932 congregata
519 1845 592 1922 fuit,
616 1867 656 1911 eo
673 1847 748 1932 ipso
764 1845 879 1910 literas
894 1846 987 1932 regio
1003 1844 1114 1932 sigillo
1131 1845 1283 1920 munitas,
1299 1865 1338 1908 ac

124 1967 189 2034 pro
203 1946 352 2023 Jesuitis,
369 1957 401 2012 et
415 1948 553 2036 reliquis
569 1949 726 2015 factionis
742 1949 855 2026 sociis,
872 1970 889 2013 a
905 1948 1004 2013 Patre
1020 1947 1151 2022 Polino,
1167 1946 1337 2012 ordinario

124 2050 251 2138 Regiae
279 2050 468 2136 Majestatis
503 2051 707 2118 Confessore
743 2061 915 2124 enotatas,
945 2051 1003 2116 illa
1032 2051 1178 2137 accepit,
1214 2050 1338 2136 quibus

127 2153 356 2240 publicatione
386 2152 488 2241 hujus
518 2177 679 2221 censurae
708 2155 926 2223 interdicitur.
970 2154 1101 2220 Interea
1130 2165 1239 2219 tamen
1263 2176 1336 2240 per·

128 2270 318 2342 opportune
344 2256 630 2346 Archiepiscopue
652 2259 746 2324 urbis
769 2259 848 2324 huic
869 2258 1074 2323 lesuiterum
1094 2259 1158 2336 arti
1181 2257 1336 2331 occurrit.

124 2369 227 2447 atque
242 2383 260 2425 e
275 2361 430 2448 vestigio,
446 2372 622 2450 antequam
638 2363 711 2448 ipse
727 2384 747 2426 a
762 2362 854 2449 Rege
870 2361 1007 2444 aliquod
1024 2361 1130 2425 simile
1145 2360 1335 2426 mandatum

122 2463 300 2550 acciperet,
324 2464 397 2549 ipse
418 2463 452 2528 in
475 2466 630 2531 omnibus
645 2466 738 2532 urbis
760 2467 913 2552 partibus
931 2465 1072 2530 edictum
1089 2464 1179 2552 affigi
1196 2465 1333 2538 curavit,

120 2588 192 2654 qno
219 2566 329 2654 legere
354 2567 509 2635 monachi
531 2568 633 2656 hujus
656 2570 787 2646 librum,
815 2569 968 2644 vendere,
994 2579 1026 2633 et
1049 2569 1243 2654 imprimere,
1263 2568 1333 2632 sub

118 2671 473 2736 excommunicationis
495 2693 604 2758 poena
626 2672 814 2758 prohibuit:
838 2671 932 2736 Vivit
952 2672 1053 2758 igitur
1068 2671 1208 2736 defensa
1222 2670 1333 2736 bacte-

117 2795 184 2840 nus
206 2774 269 2838 Dei
291 2774 413 2861 gratia3
435 2784 536 2862 atque
552 2777 677 2840 utinam
693 2777 794 2856 vivat,
815 2797 855 2840 ac
878 2775 1076 2840 defendatur
1091 2775 1181 2861 apud
1197 2774 1333 2840 eosdem

115 2877 330 2943 constanter!
375 2877 519 2944 Valeant
545 2879 658 2945 theses
683 2879 726 2946 ad
753 2879 992 2965 disputandum
1019 2879 1143 2944 Romae
1170 2899 1190 2942 a
1213 2877 1332 2945 lanso·

114 2980 218 3046 nistis
234 2978 336 3045 modo
351 2982 548 3067 propositae

187 3084 215 3149 1.
239 3084 362 3172 Aliqua
398 3084 511 3150 divina
546 3093 726 3173 praecepta
763 3084 956 3150 bominibus
987 3084 1091 3171 justis
1127 3083 1330 3161 volentibus,

113 3197 221 3275 atque
244 3189 456 3264 conantibus,
480 3188 664 3254 seeundum
679 3197 874 3274 praesentes
891 3211 975 3276 quas
991 3188 1117 3254 habent
1130 3188 1229 3266 vires,
1252 3197 1332 3252 sunt

112 3290 357 3377 impossibilia3
380 3291 477 3357 deest
491 3313 629 3380 quoque
644 3294 692 3357 eis
707 3293 823 3380 gratia,
842 3314 909 3379 qua
924 3292 1099 3378 possibilia
1113 3292 1202 3358 fiant.

182 3393 212 3462 2.
234 3393 388 3460 Interiori
405 3396 530 3482 gratiae
545 3417 714 3484 nunquam
731 3396 907 3462 resistitur.

182 3497 211 3564 3.
235 3497 287 3563 Ad
301 3498 493 3564 merendum
510 3509 543 3564 et
558 3499 792 3565 demerendum
806 3500 839 3564 in
858 3509 948 3564 statu
963 3504 1102 3563 naturae
1118 3495 1243 3584 lapsae,
1260 3516 1328 3562 non

110 3601 298 3688 requiritur
317 3601 455 3667 libertae
471 3624 490 3667 a
505 3603 714 3680 necessitate,
737 3602 796 3668 sed
813 3601 938 3668 sufficit
954 3601 1092 3667 libertas
1107 3621 1127 3666 a
1142 3602 1327 3669 coactione.

181 3705 212 3769 4.
235 3705 535 3793 Semipelagianum
558 3713 619 3784 est,
640 3707 759 3783 dicere,
787 3707 954 3773 Christum
978 3713 1145 3770 mortuum
1168 3727 1242 3770 esse
1265 3725 1327 3790 pro

111 3807 282 3886 omnibus,
297 3819 332 3874 et
346 3810 540 3896 sanguinem
555 3831 652 3875 suum
666 3810 794 3877 fudisse
810 3833 874 3897 pro
892 3809 1056 3876 omnibus.

183 3911 352 3978 aposita
376 3914 482 4000 gratia
507 3913 569 3980 Dei
594 3913 739 3991 efficace,
769 3913 963 3980 necessario
988 3911 1081 3978 Deus
1108 3932 1204 3976 auum
1227 3909 1328 3978 debet

110 4017 280 4104 consequi
296 4016 404 4083 finem.

179 4120 291 4207 Atque
307 4119 373 4184 hoo
395 4126 623 4206 argumentum
639 4117 712 4195 fuit,
735 4117 777 4184 de
799 4141 868 4207 quo
890 4117 969 4184 mihi
983 4119 1017 4183 in
1033 4137 1161 4204 nupero
1178 4117 1231 4183 die
1246 4139 1325 4205 pro·

109 4225 204 4292 festo
224 4223 469 4289 lucarnationis
490 4221 623 4288 Domini
645 4223 762 4300 nostri,
787 4245 828 4288 ex
848 4222 1018 4288 Antistitis
1034 4222 1214 4286 venerandi
1223 4221 1325 4308 jussu

110 4351 154 4394 ac
184 4327 352 4404 mandato,
381 4326 557 4392 dicendum
587 4325 667 4391 mihi
697 4325 833 4412 publice
860 4321 939 4404 fuit,
970 4325 1003 4391 id
1027 4323 1092 4390 hac
1114 4325 1323 4411 potissimum

111 4432 304 4506 occasione,
327 4431 406 4518 quia
428 4429 657 4497 Cateobismns
680 4429 804 4518 gratiae
830 4426 994 4494 latinitate
1017 4440 1118 4517 atque
1141 4428 1280 4494 scholiis
1303 4451 1324 4494 a

111 4533 205 4604 Clar.
221 4535 377 4616 llaresio,
397 4535 430 4599 in
453 4533 669 4624 Groningana
689 4533 781 4626 apud
800 4530 915 4602 Friaos
933 4532 1111 4604 Academia
1125 4531 1322 4606 Professore
