3050 5046
685 353 884 452 „Q-

182 554 299 633 (instar
323 555 495 641 cujusdam
523 557 658 639 abyssi),
688 556 923 636 inscrutabilis,
955 565 987 620 et
1013 555 1187 621 ineffabilis
1215 555 1389 642 corruptio

182 653 449 722 totiua'naturae
471 667 503 724 et
525 659 670 722 omnium
693 659 819 734 virium,
843 659 999 744 imprimis
1023 681 1101 724 vero
1125 659 1331 745 superiorum
1353 666 1389 723 et

183 761 413 846 principalium
440 763 567 826 animae
593 761 799 838 facultatum,
830 784 917 848 quae
939 763 1040 826 infixa
1063 763 1106 826 sit
1131 763 1263 848 penitus
1288 761 1388 826 iutel-

181 863 291 939 lcctui,
323 864 416 928 cordi
446 874 479 929 et
508 864 675 930 voluntati
705 864 858 928 hominis.
913 865 1030 951 ltaque
1051 866 1120 952 jam
1148 874 1226 950 post
1253 865 1385 950 lapsum

155 979 164 1005 ²
182 966 283 1030 homo
300 967 520 1032 haereditario
537 969 766 1053 aparentibus
789 969 911 1053 accipit
932 970 1139 1056 congenitam
1157 991 1293 1054 pravam
1311 969 1386 1040 vim,

180 1069 419 1134 immunditiam
442 1071 568 1149 cordis,
591 1093 713 1156 pravas
737 1073 1027 1157 concupiscentias
1050 1081 1083 1137 et
1104 1093 1225 1158 pravas
1248 1071 1387 1136 inclina-

180 1171 368 1255 tiones¹);“
389 1183 479 1238 -et
499 1175 585 1238 inter
604 1174 879 1239 danseniauorum
900 1185 1055 1262 systema,
1078 1174 1161 1238 haec
1182 1173 1252 1238 fere
1273 1173 1387 1238 eadem

181 1276 290 1340 omnia
313 1285 472 1352 statuens,
497 1301 538 1342 ex
559 1301 627 1364 quo
649 1276 750 1341 homo
771 1278 897 1363 lapsus,
922 1278 1073 1364 originali
1089 1277 1221 1362 justitia
1237 1299 1278 1340 ex
1293 1297 1385 1343 orca·

179 1381 271 1442 tione
301 1389 437 1444 naturae
468 1381 580 1446 debita
609 1381 789 1445 destitutus
820 1382 918 1466 plane
948 1381 1165 1446 facultatibus
1196 1389 1228 1444 et
1253 1370 1385 1444 'viribus

180 1481 372 1548 debilitatus
390 1505 447 1567 per
467 1481 530 1546 has
546 1483 629 1547 nihil
645 1484 714 1548 fere
730 1485 810 1548 boni
833 1486 963 1570 operari
978 1483 1083 1560 valet,
1107 1483 1289 1568 cupiditate
1306 1481 1384 1546 dein

179 1585 306 1650 victrici
329 1587 482 1671 superius
506 1587 697 1651 dominante
720 1589 865 1674 agitatus
889 1596 922 1652 et
945 1587 1114 1671 abreptus,
1138 1585 1295 1672 quamdiu
1318 1585 1383 1648 hac

178 1687 331 1753 trahente
348 1699 514 1774 operatur,
538 1711 597 1782 per
612 1691 915 1776 concupiscentiam
931 1690 1094 1766 vitiosam,
1111 1690 1261 1752 actiones
1276 1687 1382 1752 infici·

177 1800 285 1856 entem
308 1800 340 1856 et
361 1792 579 1857 maculantem
602 1793 757 1870 directae,
780 1794 970 1858 necessario
990 1793 1074 1857 male
1097 1794 1165 1878 agit
1186 1801 1287 1876 atque
1304 1813 1381 1875 pec·

178 1903 241 1970 cat,
263 1895 371 1960 donec
387 1897 492 1981 gratia
508 1897 718 1960 sanctificans
736 1920 793 1982 per
809 1897 1078 1982 justificationem
1092 1905 1263 1979 acceptam
1280 1893 1381 1958 vehe-

176 1999 320 2062 mentius
342 2007 376 2062 et
391 1999 543 2083 superius
564 1999 731 2064 libidinem
750 2000 975 2064 debellaverit.
1020 1999 1052 2064 S.
1069 1998 1289 2084 Augustiuum
1307 1997 1381 2083 qui·

178 2101 262 2177 dem,
284 2111 322 2165 ut
347 2103 491 2186 saepius,
520 2102 698 2168 Janseuius
722 2104 982 2167 consentientem
1007 2101 1070 2164 sibi
1091 2098 1275 2186 profertll,
1306 2121 1381 2184 per·

177 2226 287 2288 peram
313 2212 433 2280 tamen,
462 2227 562 2292 quum
589 2228 757 2293 nunquam
785 2207 817 2270 S.
845 2215 939 2291 pater
964 2203 1142 2268 infidelium
1170 2203 1321 2268 actiones
1349 2210 1383 2266 et

175 2307 316 2370 virtutes
341 2329 415 2372 esse
437 2309 519 2372 vitia
542 2309 703 2374 docuerit.
748 2309 865 2396 Neque
889 2310 996 2372 minus
1019 2307 1229 2372 lauseuistae
1252 2327 1379 2368 sacram

177 2410 373 2494 scripturam
403 2431 466 2494 pro
497 2413 670 2476 sententiis
701 2414 770 2476 suis
801 2410 1053 2497 propugnandis
1083 2418 1231 2487 vertuut3
1267 2410 1313 2472 ita
1343 2417 1382 2472 ut

177 2512 318 2597 exempli
339 2517 446 2600 gratia
461 2512 661 2578 Lutheranis
684 2523 717 2579 et
732 2515 936 2580 Calviuianis
952 2535 988 2577 se
1004 2513 1224 2598 adjungentes
1242 2519 1378 2575 conten·

177 2615 267 2692 dant,
289 2615 450 2693 infideles,
475 2638 576 2703 quum
598 2611 694 2683 deum
717 2639 786 2682 nou
802 2627 1021 2704 cognoscant,
1045 2616 1205 2680 charitate
1221 2635 1288 2677 non
1305 2613 1379 2678 dili·

176 2728 265 2804 gant,
287 2719 444 2784 mandata
465 2721 642 2806 ejusmodi:
665 2721 814 2808 „Diliges
837 2721 1007 2786 dominnm
1027 2719 1123 2783 deum
1140 2729 1232 2782 tuum
1249 2741 1289 2781 ex
1305 2726 1379 2781 toto

176 2822 277 2886 corde
299 2831 369 2902 tun,
393 2824 481 2888 etin
504 2833 575 2888 tota
598 2825 704 2888 anima
719 2833 794 2899 tua,
818 2825 907 2887 etin
930 2833 1002 2888 tota
1023 2835 1132 2886 mente
1154 2834 1228 2896 tna3
1251 2820 1380 2905 Diliges

174 2926 360 3012 proximum
389 2933 498 3003 tuum,
528 2930 616 2992 sicut
645 2937 677 2991 te
706 2925 900 3011 ipsum³);“
930 2927 1026 3002 „sive
1055 2924 1278 2998 manducatis,
1309 2925 1380 2986 sive

174 3029 298 3105 bibitis,
325 3030 395 3093 sive
416 3028 506 3093 aliud
528 3029 609 3116 quid
630 3029 755 3104 facitis,
782 3029 891 3092 omnia
912 3029 945 3092 in
968 3029 1104 3115 gloriam
1128 3027 1179 3090 dei
1201 3024 1379 3110 facite⁴);“

175 3153 293 3208 „omne
323 3131 560 3219 quodcumque
585 3133 706 3208 facitis,
736 3133 770 3194 in
797 3132 900 3196 verbo
927 3135 1042 3195 autin
1071 3153 1180 3216 opere,
1213 3131 1321 3192 omnia
1343 3129 1377 3191 in

173 3236 306 3300 nomine
327 3235 407 3300 Jesu
429 3233 561 3311 Christi,
585 3235 709 3322 gratias
731 3242 867 3320 agentes
890 3234 952 3298 deo
970 3244 1003 3299 et
1018 3235 1103 3319 patri
1119 3256 1178 3318 per
1193 3233 1300 3318 ipsum
1310 3229 1378 3308 15);“

175 3338 319 3424 explere,
347 3338 627 3425 quemadmodum
653 3338 778 3412 deceat,
806 3358 874 3400 nou
901 3337 1043 3410 valeant,
1075 3359 1184 3423 neque
1211 3335 1254 3399 ad
1281 3335 1379 3398 deum

174 3451 332 3528 tanquam
354 3465 513 3506 summum
534 3443 660 3506 bonum
681 3449 714 3505 et
734 3440 895 3504 infinitum
918 3451 1053 3525 propter
1075 3462 1110 3504 se
1132 3438 1287 3502 dilectum
1310 3438 1378 3500 sin·

174 3545 270 3632 gulas
293 3547 442 3609 actiones
466 3567 505 3610 ex
528 3545 683 3608 mandato
706 3545 852 3629 positivo
875 3543 1029 3628 explicite
1051 3553 1084 3606 et
1104 3544 1138 3606 in
1159 3551 1235 3606 actu
1255 3539 1379 3605 referre

175 3657 308 3734 queant,
324 3648 507 3712 mortaliter
521 3669 671 3734 peccare,
688 3667 869 3731 eorumque
885 3655 990 3720 actua,
1006 3645 1146 3709 virtutes
1163 3645 1243 3707 vitia
1258 3665 1342 3707 esse.

238 3751 431 3828 „Humanae
460 3759 598 3815 naturae
628 3748 827 3823 sublimatio,
859 3757 892 3812 et
921 3748 1078 3812 exaltatio
1108 3748 1142 3810 iu
1172 3747 1378 3812 consortium

173 3853 306 3918 divinae
336 3863 473 3918 naturae
504 3853 616 3918 debita
643 3852 708 3916 fuit
736 3851 918 3938 integritati
947 3852 1070 3936 primae
1101 3849 1314 3923 conditionis,
1345 3857 1379 3913 et

172 3957 314 4044 proinde
336 3957 498 4022 naturalis
522 3955 663 4022 dicenda
686 3963 746 4032 est,
771 3963 804 4018 et
826 3976 894 4019 non
925 3953 1219 4040 supernaturalis.“
1274 3950 1377 4027 „Cum

173 4059 309 4148 Pelagio
326 4061 484 4137 sentiunt,
507 4060 564 4148 qui
580 4069 705 4126 textum
722 4057 877 4142 Apostoli
893 4057 935 4122 ad
951 4058 1121 4122 Romanos
1136 4055 1195 4120 ll.:
1219 4053 1375 4133 „Gentes‚

174 4186 259 4256 quae
281 4164 386 4252 legem
408 4185 475 4228 uon
498 4163 632 4237 habent,
655 4160 851 4226 naturaliter
871 4183 920 4238 ea,
944 4169 1030 4249 quae
1044 4160 1128 4246 legis
1144 4168 1222 4224 sunt
1237 4159 1375 4235 faciunt,

172 4390 372 4400 —-

243 4505 265 4574 ¹)
285 4504 369 4557 Solid.
388 4503 484 4560 declar.
519 4507 545 4575 ὓ)
564 4505 768 4575 ‚,Arrgustinus“
781 4501 824 4555 lib.
837 4501 883 4557 IV.
897 4500 930 4553 de
943 4506 1014 4552 statu
1027 4507 1137 4552 naturae
1150 4498 1250 4570 lapsae.

239 4589 263 4660 ³)
282 4588 600 4656 Martn.xxr1,at‚39.
635 4593 661 4662 4)
682 4595 693 4647 l
709 4589 771 4644 Oor.
786 4592 825 4653 10,
838 4592 879 4645 31.
915 4589 940 4659 ⁶)
959 4585 1105 4650 cotan.
