3050 5046
731 331 774 401 99

137 547 293 629 peccata,
315 561 355 605 ac
377 546 556 627 propterea
577 561 690 606 coram
711 539 795 615 Deo,
818 560 892 604 esse
914 561 978 602 nos
994 561 1073 604 reos
1089 537 1283 606 diffitentur.
1299 588 1307 606 .
1324 585 1357 608 ..

138 645 195 711 Ad
211 645 303 710 aliud
319 643 576 729 disceptationis
588 642 721 728 dogma,
738 642 781 706 ad
799 640 945 706 divinam
961 641 1107 708 hominis
1123 642 1357 708 Praedestina·

138 750 268 814 tionem
299 770 360 812 sen
390 747 585 812 electionem
615 745 796 811 descendo.
851 745 1028 821 Pontificii,
1058 747 1108 811 uti
1137 747 1256 822 nostis,
1287 743 1357 833 qud

139 873 239 916 suum
270 850 503 915 commendent
532 871 686 924 errorem,
718 848 829 912 omnia
859 859 894 913 et
922 847 1128 933 Scripturae,
1159 857 1193 913 et
1220 849 1358 914 Petrum

140 952 336 1019 testimonia
359 952 552 1027 sollicitant,
576 973 663 1038 quos
688 963 797 1015 tamen
812 950 988 1016 manifesta
1004 973 1118 1016 verum
1132 951 1222 1036 ,fides
1237 953 1357 1039 arguit.

139 1056 182 1122 ld
214 1057 306 1143 qnod
336 1079 410 1122 cnm
441 1055 511 1120 suis
540 1054 737 1120 Janssenius
773 1053 846 1118 solo
876 1053 999 1118 elarius
1028 1053 1111 1118 facit
1132 1101 1139 1118 .
1161 1103 1168 1120 .
1191 1053 1299 1141 .quid
1327 1054 1358 1118 si

139 1160 321 1225 Janrsenio
338 1171 462 1243 vestro,
483 1158 618 1224 Petrum
635 1156 917 1222 Dordracensium
934 1155 1100 1235 Oenones,
1116 1157 1293 1242 Augustini
1308 1157 1358 1222 in·

140 1260 273 1328 tensids
299 1261 508 1348 inspiciendi,
535 1283 574 1326 ac
601 1261 699 1325 etiam
727 1260 894 1345 probandi
921 1281 1054 1324 causam
1079 1260 1359 1346 occasionemque

138 1365 339 1432 attulerint?
362 1365 560 1452 conjectura
582 1385 653 1428 mea
677 1371 739 1440 est,
762 1385 825 1428 nec
848 1372 985 1450 apertos
1007 1363 1042 1428 iu
1064 1361 1130 1428 hoc
1152 1371 1255 1428 testes
1279 1384 1358 1448 pro·

143 1468 269 1535 ducere
294 1490 443 1554 possum.
488 1467 526 1532 ld
549 1463 630 1532 verb
652 1467 730 1532 iude
753 1478 869 1552 patere
891 1465 1039 1543 videtum
1063 1467 1143 1553 qnia
1158 1465 1273 1531 eadem
1289 1466 1358 1532 dis·

140 1572 330 1660 putationis
359 1571 512 1650 materia,
548 1581 581 1635 et
614 1580 861 1657 argumentum3
897 1568 984 1634 idem
1012 1568 1082 1634 fere
1111 1577 1259 1655 tempus,
1295 1590 1358 1634 nec

140 1675 335 1752 Jausrenio,
350 1683 470 1760 utpote
486 1673 608 1750 vicino,
624 1689 699 1738 acta
715 1673 908 1758 scriptaque
924 1671 1227 1757 Dordracenorum,
1242 1671 1359 1759 ignota

143 1801 220 1844 csse
237 1787 386 1864 potuere.
430 1775 597 1851 Vestram,
620 1775 803 1850 auditores,
818 1774 916 1839 fidem
932 1795 1036 1852 voco;
1060 1796 1104 1840 an
1119 1796 1189 1839 non
1204 1796 1255 1857 ea,
1270 1795 1358 1861 quaa

137 1883 210 1970 jam
239 1903 282 1948 cx
311 1880 495 1954 ianssonii,
533 1879 674 1967 ejusque
705 1878 906 1944 asseclarum
936 1877 1091 1944 doctrina
1119 1878 1358 1964 propositurus

143 2008 235 2060 sum,
264 2007 338 2050 cum
366 1991 483 2049 nostra
510 1981 724 2048 confessione
751 1981 965 2048 consentiant
990 1982 1032 2046 ad
1059 1982 1226 2058 amussim,
1256 1989 1358 2069 atque

144 2089 357 2154 conveniant.
404 2086 746 2152 Praedestinationem
770 2084 971 2162 absolutam,
994 2105 1034 2150 ac
1057 2106 1125 2148 non
1147 2085 1211 2150 nisi
1232 2085 1357 2172 gratio·

146 2215 226 2268 sam,
250 2201 428 2264 aeternam,
450 2189 668 2266 infallibilem,
684 2198 817 2265 certam,
834 2187 969 2264 firmam,
984 2188 1162 2265 immotam,
1179 2186 1358 2266 efficacem,

149 2317 209 2360 nec
224 2295 370 2360 omnium
387 2304 507 2369 tamen,
524 2293 583 2359 sed
597 2293 807 2380 quorundam
823 2291 990 2356 duntaxat
1000 2291 1171 2356 hominum
1185 2290 1358 2376 faciunt¹).

148 2399 344 2484 Improbant
364 2396 609 2478 universaliter,
628 2397 687 2483 qui
702 2417 907 2460 communem
925 2394 1099 2460 electionis
1115 2395 1252 2482 gratiam
1270 2417 1358 2460 som-

146 2504 249 2579 niant,
271 2511 305 2567 et
325 2523 395 2567 eam
417 2500 460 2566 ad
480 2521 596 2566 omues
617 2499 887 2565 extendunt...
911 2497 981 2564 Eos
1004 2499 1063 2586 qui
1077 2508 1215 2564 mortem
1233 2497 1360 2564 Christi

145 2605 190 2670 ad
216 2605 302 2670 alios
330 2601 429 2691 qulam
455 2603 498 2668 ad
527 2603 653 2668 electos
679 2602 775 2666 solos
800 2603 966 2688 pertinere
989 2601 1207 2678 deblaterant,
1234 2601 1360 2668 nullius

145 2709 243 2796 pretii
267 2709 392 2784 dicunt,
418 2705 583 2772 dissident
605 2706 647 2770 ab
670 2706 733 2782 his,
756 2715 858 2792 atque
880 2703 1161 2772 discordant...
1185 2704 1253 2772 Ceu
1269 2727 1359 2771 com-

147 2821 304 2887 mentum,
332 2811 426 2898 quod
452 2833 493 2875 ex
518 2808 700 2874 inferorum
723 2809 911 2894 gurgitibus
934 2809 1112 2884 emerserit,
1140 2830 1253 2874 eorum
1277 2809 1360 2874 deli·

147 2917 233 2980 rium
251 2923 398 2989 censent,
416 2915 473 3001 qui
489 2934 559 2977 non
575 2911 765 2977 absolutam
780 2910 844 2975 Dei
859 2911 1077 2988 voluntatem,
1093 2921 1195 2998 atque
1211 2920 1359 2998 potesta·

147 3029 223 3093 tem,
240 3039 372 3082 causam
386 3015 707 3082 Praedestinationis
722 3013 879 3079 faciunt..
896 3061 904 3078 .
921 3063 929 3080 .
952 3013 1072 3102 Neque
1086 3014 1234 3093 ludaeis,
1250 3037 1361 3102 neque

148 3121 348 3186 Christianis
371 3116 412 3185 eb
433 3119 539 3207 legem
562 3117 672 3184 datam
694 3127 899 3196 asseverant,
919 3127 959 3182 ut
980 3140 1131 3203 peream
1153 3117 1208 3182 vel
1229 3139 1360 3204 prome·

147 3227 229 3301 rari,
260 3223 314 3288 vel
344 3223 471 3288 servari
500 3231 656 3308 possent3
693 3219 754 3286 sed
783 3221 827 3286 ad
855 3221 1058 3308 agnitionem
1087 3231 1301 3307 peccatorum
1329 3231 1362 3287 et

153 3329 312 3392 miseriae.
330 3377 337 3393 .
355 3377 386 3396 ..
425 3326 547 3392 Iterum
575 3326 751 3390 nobiscum
778 3325 936 3402 sentiunt,
967 3321 1060 3412 quod
1089 3325 1195 3411 gratia
1222 3324 1316 3410 rejici
1341 3321 1362 3388 a

153 3432 311 3518 quopiam
327 3451 397 3495 non
413 3438 537 3517 potest,
558 3451 620 3494 nec
635 3437 746 3494 tamen
762 3428 910 3494 violenta
925 3436 992 3494 est:
1015 3425 1197 3494 secundum
1215 3428 1361 3503 eosdem,

149 3557 259 3622 neque
283 3534 422 3598 liberum
451 3533 621 3600 arbitrium
650 3531 756 3609 tollit,
787 3532 868 3618 quin
891 3528 957 3596 imb
980 3528 1106 3597 subditi
1127 3532 1243 3610 instar,
1265 3531 1361 3596 Prin·

150 3639 215 3724 cipi
232 3659 294 3704 sno
313 3637 542 3724 obsequentis,
564 3647 598 3702 et
618 3636 742 3728 captivi
764 3636 885 3711 emissi,
907 3645 975 3700 tum
992 3635 1122 3702 demum
1137 3635 1223 3702 liber
1236 3634 1292 3700 hic
1308 3636 1361 3712 sit,

151 3742 209 3829 qui
236 3740 417 3810 efficaciter
446 3749 595 3818 vocatur,
623 3750 725 3827 atque
749 3740 783 3804 in
811 3739 882 3804 Deo
908 3747 1132 3826 regeneratur.
1149 3789 1156 3806 .
1173 3788 1206 3805 ..
1229 3737 1361 3805 Videtis

150 3949 350 3959 Q

222 4048 245 4118 ¹)
265 4045 317 4112 Qui
336 4044 418 4110 edidit
434 4046 501 4100 hane
519 4044 677 4113 orationem,
694 4045 798 4100 scribit:
816 4044 875 4112 „La
893 4044 1048 4124 conjecture
1065 4045 1099 4100 de
1117 4064 1147 4100 ce
1158 4043 1282 4100 Ministre
1293 4046 1364 4100 n’est

149 4148 199 4204 pas
213 4133 266 4186 mal
281 4133 387 4198 fundae,
401 4142 428 4186 et
440 4133 480 4186 s'il
493 4134 566 4187 avoit
581 4133 624 4188 leu
636 4133 663 4185 ta
677 4136 717 4190 12.
729 4133 806 4186 lettre
826 4133 858 4186 de
877 4133 1031 4198 Jansenius,
1043 4132 1079 4186 oli
1090 4132 1108 4185 il
1117 4133 1193 4205 parle
1205 4133 1241 4186 du
1254 4131 1364 4187 Concile

151 4221 183 4273 de
197 4219 356 4284 llordrecht,
375 4220 392 4273 il
406 4221 494 4274 auroit
511 4219 608 4281 sortifie
625 4237 676 4272 son
693 4238 828 4291 souppon,
848 4237 893 4273 car
905 4221 1004 4273 devant
1015 4220 1040 4274 le
1052 4227 1139 4292 temps
1152 4220 1186 4274 de
1199 4238 1229 4274 ce
1242 4209 1361 4291 Synode,

150 4307 166 4358 il
184 4305 227 4360 n'a
244 4307 318 4378 point
335 4307 411 4378 parte
430 4307 464 4360 de
482 4323 526 4360 ces
544 4293 710 4360 nouueautoz
728 4325 760 4361 en
779 4315 848 4360 cette
867 4306 990 4371 maticre;
1010 4314 1037 4360 et
1052 4306 1173 4377 ilyado
1185 4307 1362 4378 l'apparence,

149 4411 201 4464 que
223 4391 338 4449 s’estant
358 4393 408 4448 mis
430 4411 447 4447 a
466 4393 514 4448 lire
535 4394 565 4448 S.
583 4381 727 4466 Augustin,
744 4411 794 4466 par
811 4394 838 4448 la
855 4394 987 4448 direction
1005 4393 1038 4447 de
1055 4393 1201 4448 lansonius
1219 4395 1265 4465 qui
1282 4395 1365 4448 estoit

151 4481 271 4536 ansarico
293 4481 341 4536 des
364 4497 470 4536 erreura
491 4480 525 4535 de
544 4480 602 4547 Bai,
620 4489 728 4553 atavae
746 4480 773 4536 le
790 4499 892 4537 masma
910 4481 996 4558 esprit
1013 4497 1065 4552 que
1082 4481 1142 4553 luy;
1160 4481 1281 4536 iltomba
1293 4481 1361 4536 dans

149 4567 318 4625 l'heresiede
331 4587 377 4624 ces
390 4569 623 4624 Calviniatea‚“—
1143 4648 1159 4685 *

1125 4655 1140 4710 'l
