3050 5046
622 347 821 446 „an-

113 550 311 637 intelligunt
327 550 367 646 ‹le
383 551 538 638 gentibus
555 547 646 614 Fidei
667 550 804 636 gratiam
822 571 888 614 nou
903 550 1135 615 habentibus.“
1182 549 1323 626 „Omnia

118 675 228 738 opera
250 653 430 718 infidelium
454 661 533 718 sunt
556 659 702 737 peccata,
726 660 758 716 et
781 650 1061 739 philosophorum
1084 654 1327 718 virtutes'sunt

117 758 237 821 vitia.“
283 752 483 842 „integritas
505 757 626 843 primae
644 755 820 819 creationis
840 778 908 820 non
923 757 988 821 fuit
1002 757 1150 822 indebita
1165 756 1327 820 humanae

20 863 23 930 5
114 871 258 924 naturae
279 859 448 935 exaltatio,
472 859 532 924 sed
554 858 715 924 naturalis
732 858 804 945 ejus
821 859 1001 927 conditio.“
1047 861 1220 938 „Liberum
1238 861 1328 946 arbi3

111 964 228 1036 trium,
251 963 322 1026 sine
345 963 468 1049 gratiae
484 961 545 1027 Dei
567 962 744 1048 adjutorio,
769 963 902 1026 nonnisi
924 963 965 1027 ad
982 963 1187 1048 peccandum
1204 961 1324 1027 valet.“

111 1066 339 1152 „pelagianus
366 1075 417 1130 est
443 1087 534 1130 error
560 1065 685 1140 dicere,
708 1065 800 1150 quod
822 1065 961 1132 liberum
982 1066 1151 1131 arbitrium
1172 1065 1261 1132 valet
1283 1065 1325 1131 ad

110 1169 223 1233 ullum
239 1177 410 1254 peceatum
428 1169 629 1234 vitandum.“
675 1166 774 1242 „Non
797 1168 861 1232 soli
875 1168 968 1234 fures
983 1170 1005 1233 ii
1021 1178 1101 1234 sunt
1116 1177 1148 1234 et
1163 1169 1322 1245 latrones,

112 1273 178 1359 qui
201 1271 366 1336 Christum
383 1272 467 1336 viam
485 1264 517 1336 et
539 1271 661 1334 ostium
678 1270 827 1334 veritatis
844 1279 877 1335 et
893 1273 981 1336 vitae
995 1278 1128 1359 negant,
1152 1271 1211 1336 sed
1227 1273 1324 1336 etiam

111 1375 320 1462 quicumque
343 1374 476 1439 aliunde
500 1395 597 1460 quam
622 1395 680 1457 per
707 1372 814 1457 ipsum
838 1374 870 1437 in
895 1375 979 1438 viam
997 1376 1148 1462 justitiae
1172 1374 1251 1457 (hoc
1274 1383 1326 1440 est

110 1479 263 1564 aliquam
273 1479 450 1564 justitiam)
478 1475 658 1542 conscendi
673 1496 776 1560 posse
792 1476 930 1542 docent:
955 1480 1040 1554 „Aut
1061 1478 1237 1542 tentationi
1253 1478 1323 1554 ulli,

112 1583 191 1645 sine
213 1582 337 1667 gratiae
359 1582 466 1666 ipsius
489 1577 656 1667 adjutorio
679 1579 833 1643 resistere
855 1580 1022 1646 hominem
1037 1603 1150 1666 posse,
1175 1582 1223 1644 sic
1238 1581 1325 1644 utin

112 1705 189 1747 eam
206 1677 274 1747 n'on
295 1683 482 1757 inducatur,
504 1690 563 1747 aut
584 1682 625 1745 ab
648 1703 686 1745 ea
707 1702 775 1744 non
798 1689 1005 1767 superetur.“
1051 1684 1250 1760 „Distinctio
1265 1683 1324 1747 illa

112 1785 261 1872 duplicis
285 1787 416 1862 amoris,
440 1785 601 1850 naturalis
626 1784 780 1848 videlicet
803 1807 871 1871 quo
895 1786 986 1851 Deus
1011 1795 1138 1852 amatur
1153 1795 1190 1851 ut
1205 1795 1323 1850 auctor

112 1899 264 1968 naturae,
289 1900 322 1954 et
343 1890 478 1977 gratuiti
495 1909 563 1975 quo
580 1887 671 1952 Deus
687 1897 814 1951 amatur
829 1897 867 1953 ut
882 1889 1099 1965 beatificator,
1123 1911 1208 1953 vana
1225 1898 1276 1954 est
1292 1899 1324 1954 et

114 1993 338 2057 commentitia
354 2001 388 2057 et
404 1992 445 2057 ad
462 1990 667 2056 illudendum
690 1991 793 2054 saeris
809 1990 945 2057 Litteris
962 2000 994 2056 et
1010 1992 1159 2079 plurimis
1176 2001 1323 2058 veterum

113 2097 313 2161 testimoniis
336 2096 558 2181 excogitata.“
602 2091 730 2170 „Omne
747 2094 837 2179 quod
856 2096 924 2181 agit
941 2104 1105 2181 peccator,
1129 2095 1183 2159 vel
1206 2117 1323 2160 servus

115 2200 254 2284 peccati,
278 2210 451 2283 peccatum
475 2205 558 2261 est.“
603 2193 739 2272 „Omnis
763 2219 855 2261 amor
877 2207 1046 2262 creaturae
1060 2197 1243 2273 rationalis,
1266 2206 1324 2262 aut

113 2303 237 2366 vitiosa
259 2309 311 2365 est
333 2300 509 2386 cupiditas,
534 2319 600 2386 qua
622 2299 765 2363 mundns
782 2300 941 2389 diligitur,
965 2323 1050 2388 quae
1066 2322 1085 2364 a
1099 2301 1229 2366 Joannc
1244 2323 1323 2387 pro·

113 2405 255 2478 hibetur,
280 2416 337 2468 aut
359 2402 539 2468 laudabilis
562 2402 619 2466 illa
642 2401 796 2478 charitas,
822 2426 889 2491 qua
914 2427 975 2490 per
990 2405 1146 2489 Spiritum
1164 2403 1323 2468 Sanctum

111 2511 144 2571 in
162 2507 263 2572 corde
279 2506 399 2571 diflusa
416 2507 508 2570 Deus
525 2513 684 2570 amatur.“
723 2505 781 2582 „ln
800 2508 954 2573 omnihus
971 2509 1040 2572 suis
1057 2507 1187 2572 actibus
1204 2529 1321 2592 pecca·

112 2621 166 2676 tor
181 2611 285 2675 servit
300 2609 484 2674 dominanti
507 2608 681 2692 cupiditati
693 2607 753 2686 ¹).“

177 2714 361 2790 „Peccator
383 2733 451 2775 non
476 2720 527 2776 est
548 2710 641 2784 liber,
665 2707 729 2774 nisi
751 2711 792 2775 ad
814 2711 943 2787 malum,
967 2711 1038 2774 sine
1059 2712 1164 2796 gratia
1185 2711 1320 2776 Libera·

111 2817 226 2882 toris.“
272 2814 472 2892 „Voluntas
489 2835 587 2899 quam
603 2814 707 2899 gratia
724 2835 790 2876 non
807 2815 987 2898 praevenit,
1009 2813 1093 2877 nihil
1109 2813 1211 2880 habet
1226 2814 1321 2880 lumi·

111 2922 164 2984 nis
193 2920 256 2982 nisi
283 2918 334 2983 ad¹
353 2916 590 2991 aberrandum3
621 2916 772 2980 arodoris
800 2918 864 2980 nisi
888 2917 929 2981 ad
953 2939 988 2980 se
1019 2917 1318 3003 praecipitandum:

109 3023 228 3086 virium
245 3022 308 3084 nisi
325 3020 367 3084 ad
384 3042 420 3083 ss
437 3019 689 3084 vulnerandum:
707 3029 759 3083 est
774 3041 881 3104 capax
905 3021 1010 3083 omnis
1027 3019 1112 3094 mali,
1130 3031 1163 3084 et
1178 3021 1319 3107 incapax

109 3125 153 3190 ad
178 3145 274 3188 omne
296 3124 452 3187 bonum.“
497 3123 597 3198 „Sine
620 3123 734 3208 gratia,
758 3122 841 3186 nihil
864 3145 972 3187 amare
996 3144 1175 3207 possumus
1196 3124 1260 3188 nisi
1276 3125 1320 3190 ad

111 3237 261 3292 nostram
286 3225 628 3320 condemnationem.“
672 3223 771 3302 „Non
794 3234 873 3290 sunt
895 3226 957 3289 nisi
974 3225 1042 3290 duo
1059 3247 1197 3302 amores,
1227 3227 1316 3292 unde

111 3331 292 3396 volitiones
314 3340 347 3394 et
368 3331 516 3393 actiones
537 3350 651 3392 omnes
672 3337 807 3393 nostrae
830 3336 1026 3394 nascuntur:
1051 3350 1144 3393 amor
1164 3329 1235 3405 Dei,
1261 3331 1318 3416 qui

112 3435 223 3498 omnia
244 3433 311 3518 agit
327 3444 465 3517 propter
480 3430 595 3505 Deum,
618 3452 783 3516 quemque
804 3431 896 3496 Deus
916 3440 1154 3507 remuneratur,
1177 3441 1210 3496 et
1225 3454 1318 3498 amor

110 3557 179 3623 qno
196 3539 368 3620 nosipsos
385 3557 423 3598 ae
438 3533 595 3597 mundum
612 3533 789 3620 diligimus,
812 3537 867 3621 qui
885 3534 977 3621 quod
993 3535 1034 3599 ad
1050 3535 1155 3599 Deum
1172 3536 1316 3600 referen-

109 3641 187 3703 dum
211 3650 262 3704 est
284 3660 352 3702 non
374 3636 485 3712 refert,
509 3647 542 3700 et
564 3647 702 3720 propter
724 3636 789 3701 hoo
812 3637 919 3722 ipsum
941 3637 977 3701 fit
993 3638 1130 3706 malus‘·
1176 3641 1316 3716 „Amore

109 3743 170 3808 Dei
193 3743 228 3805 in
252 3741 352 3804 corde
375 3743 586 3825 peccatorum
610 3759 678 3802 non
700 3740 840 3824 amplius
861 3750 1030 3827 regnante,
1054 3763 1192 3805 neeesse
1213 3751 1317 3807 estut

109 3847 142 3910 in
159 3868 198 3910 eo
216 3844 356 3910 carnalis
378 3854 496 3929 regnet
517 3842 693 3927 cupiditas
717 3863 898 3930 omnesque
914 3845 1063 3908 actiones
1081 3845 1151 3930 ejus
1169 3865 1314 3909 corrum-

109 3956 199 4035 pat.“
234 3947 371 4024 „Omnis
386 3946 533 4032 cognitio
551 3945 623 4021 Dei,
640 3947 734 4009 etiam
752 3947 921 4022 naturalis,
938 3946 1033 4012 etiam
1050 3947 1082 4010 in
1099 3944 1314 4032 philosophis

109 4051 260 4127 ethnicis,
282 4072 350 4113 non
374 4059 487 4135 potest
509 4049 620 4114 venire
642 4048 706 4112 nisi
728 4070 746 4112 a
767 4048 857 4114 Deo:
882 4059 916 4114 et
937 4051 1008 4115 sine
1025 4051 1129 4136 gratia
1149 4071 1217 4114 non
1235 4073 1313 4136 pro·

109 4155 201 4221 ducit
216 4153 280 4218 nisi
299 4152 610 4238 praesumptionem,
627 4151 817 4229 vanitatem,
834 4161 867 4218 et
882 4154 1127 4240 oppositionem
1144 4153 1186 4218 ad
1201 4153 1312 4238 ipsum

106 4378 307 4389 ——..—--

178 4495 200 4564 ι)
219 4491 375 4564 heusinger,
392 4491 570 4558 Euchiridion,
590 4491 649 4562 Baji
662 4509 758 4564 propp.
772 4493 813 4555 21,
826 4493 867 4556 22,
881 4493 923 4556 25,
936 4494 977 4557 26,
990 4496 1032 4559 27,
1045 4497 1086 4560 ⁸28,
1101 4497 1142 4559 29,
1156 4497 1197 4559 30,
1210 4497 1251 4559 34,
1264 4495 1306 4560 35,

106 4585 148 4646 38,
160 4585 208 4646 403
221 4579 253 4633 of.
267 4579 344 4634 etiam
356 4597 434 4651 prop.
447 4581 489 4644 23,
502 4582 542 4635 24,
982 4595 985 4599 .
