3050 5046
775 325 836 394 108

195 523 334 595 effectus
349 527 518 594 ulterioris
534 538 567 595 et
583 529 731 616 perfecti,
755 553 853 620 quem
870 540 984 618 potest
998 529 1184 618 producere
1200 529 1292 596 etad
1309 553 1415 619 quem

193 631 343 696 ultimate
370 631 554 698 ordinatur.
598 631 702 699 Juxta
728 635 814 700 elios
841 636 948 723 gratia
974 634 1145 700 sufficiens
1175 655 1245 699 non
1275 655 1416 721 semper

194 734 410 820 imperfectos
444 734 651 802 'deliberatus
682 737 821 804 effeetus
852 738 1023 825 producit,
1062 738 1122 803 sed
1152 737 1335 825 aliquando
1367 738 1415 802 iis

194 836 367 916 frustatur,
391 839 554 926 siquidem
576 839 646 906 lieri
669 851 792 929 potest,
816 850 863 919 ut,
887 841 1045 929 quoniam
1067 863 1160 906 mens
1176 851 1360 906 excoeeeta
1377 851 1416 906 et

195 940 354 1020 voluntas
385 943 549 1008 obdurata
580 955 647 1027 est,
680 945 799 1010 mentis
825 944 1004 1010 illustratio
1033 953 1066 1008 et
1091 943 1277 1008 voluntatis
1305 945 1414 1008 motio

193 1044 354 1110 divinitus
376 1045 543 1112 immissae
563 1048 596 1113 in
613 1056 690 1114 ortu
712 1071 774 1114 suo
798 1046 1322 1135 sullocentur'nequequemdam
1340 1068 1418 1111 mo·

193 1157 264 1214 tum
285 1147 503 1214 deliberatum
525 1149 567 1215 ad
591 1151 745 1236 pietatem
767 1152 963 1218 inchoatum
984 1152 1140 1216 excitent.
1185 1149 1301 1215 Gratia
1317 1150 1416 1215 sulfi-

193 1250 301 1316 ciente
327 1250 511 1321 instructus
537 1253 639 1318 homo
666 1255 753 1320 bene
780 1255 911 1341 operari
937 1264 1068 1342 potest,
1097 1274 1166 1318 non
1193 1263 1319 1332 autem,
1350 1253 1414 1318 illo

192 1353 317 1420 auxilio
340 1353 468 1421 efficaci
488 1368 694 1439 remanente,
725 1358 878 1445 profecto
902 1366 1075 1444 operatur;
1105 1357 1212 1444 gratie
1234 1355 1412 1422 sufficiens

193 1457 251 1523 dat
273 1457 404 1544 quidem
424 1481 525 1545 posse
545 1462 686 1548 operari,
711 1484 780 1526 non
800 1483 879 1527 vero
897 1462 1072 1548 contingit,
1094 1470 1132 1525 ut
1148 1483 1188 1524 ex
1205 1459 1414 1535 hominibus,

193 1561 251 1648 qui
264 1583 410 1648 unquam
420 1563 574 1629 vixerunt
587 1565 750 1643 etvivcnt,
764 1588 851 1630 unus
863 1589 935 1630 eum
949 1587 989 1630 ea
1003 1566 1125 1629 bonum
1140 1573 1306 1649 operetur.
1319 1561 1414 1642 Quin

192 1663 269 1750 imo,
283 1666 389 1752 gretie
401 1665 571 1732 sufficiens
585 1667 736 1733 effectum
749 1669 911 1733 infirmum
928 1677 960 1734 et
972 1667 1200 1753 imperfectum
1216 1666 1413 1752 producens

192 1789 266 1832 eum
275 1790 342 1832 non
352 1769 517 1854 producit,
531 1771 876 1858 quatenussufficiens
890 1782 951 1849 est,
964 1771 1024 1836 sed
1033 1780 1199 1857 quatenus
1214 1769 1412 1856 cumgratia

190 1869 372 1958 adjuvante
393 1874 626 1961 conjungitur;
650 1884 793 1962 utreque
819 1899 882 1940 suo
905 1875 1023 1940 modo:
1048 1872 1219 1938 sufficiens
1241 1893 1302 1936 seu
1319 1872 1413 1936 exci-

192 1983 278 2051 tans,
301 1975 479 2052 moraliter,
503 1975 667 2066 adjuvans
693 1978 842 2067 physice,
867 2001 926 2044 seu
943 1978 1135 2044 efficienter.
1181 1975 1298 2040 Gratia
1314 1973 1413 2039 suffi-

192 2067 284 2143 ciens
310 2100 378 2144 non
406 2078 546 2167 physice
572 2081 786 2159 determinat,
813 2082 874 2147 sed
897 2081 1081 2158 moraliter,
1109 2079 1304 2153 alliciendo,
1331 2099 1413 2142 sua-

193 2181 316 2262 dendo,
339 2184 516 2249 movendo.
561 2183 722 2264 Quamvis
738 2185 883 2251 hominis
900 2185 1069 2251 arbitrium
1086 2182 1190 2248 libere
1206 2181 1296 2261 velit,
1314 2182 1414 2246 solus

157 2330 158 2339 κ
191 2298 301 2351 tamen
323 2285 495 2362 deusest,
520 2289 577 2374 qui
599 2287 680 2354 facit
702 2311 775 2354 eum
799 2289 901 2368 velle,
924 2311 993 2352 non
1016 2287 1125 2351 solum
1143 2285 1314 2349 moraliter
1330 2307 1412 2349 sua·
1507 2315 1508 2320 ¹

192 2387 303 2454 dendo
333 2391 552 2478 pergratiam
580 2393 795 2468 excitantem,
828 2392 888 2457 sed
914 2392 1013 2456 etiam
1042 2412 1119 2455 vere
1145 2387 1328 2454 efficienter
1349 2410 1414 2477 per

193 2493 329 2580 gratiam
353 2503 562 2580 operantem;
585 2495 757 2576 faciende,
781 2505 818 2561 ut
840 2496 949 2582 ipsum
972 2493 1142 2558 arbitrium
1165 2492 1357 2557 consentiet
1378 2501 1415 2557 et

162 2653 165 2659 r
192 2605 402 2682 cooperetur,
427 2609 460 2664 et
482 2599 578 2664 simul
601 2608 751 2686 tempore
773 2600 949 2664 nobiscum
966 2594 1182 2682 cooperando
1200 2597 1308 2681 ipsum
1327 2617 1414 2660 con-

193 2721 327 2765 sensum
343 2701 514 2768 habemus.
552 2703 643 2768 Deus
659 2703 794 2768 duobus
810 2702 918 2768 modis
936 2702 1142 2767 voluntatem
1158 2709 1349 2786 praeparat,
1374 2712 1414 2763 ut

192 2806 397 2870 consentiat:
422 2807 526 2892 primo
543 2808 702 2872 suasione
718 2807 861 2895 quadam
879 2806 1005 2881 morali,
1023 2796 1109 2890 quae
1126 2814 1178 2868 est
1194 2802 1412 2888 pergratiam
1506 2803 1507 2810 ’

193 2909 408 2987 excitantem3
425 2909 545 2975 deinde
560 2934 621 2997 per
636 2907 1189 2996 motionem'praedeterminantem
1201 2905 1412 2970 voluntatem

193 3011 235 3077 ad
263 3034 479 3091 consensum,
514 3015 607 3102 quod
632 3014 669 3080 fit
694 3016 918 3102 pergratiam
945 3021 1148 3098 operantem.
1194 3008 1276 3073 Sola
1301 3009 1413 3094 gratia

191 3117 344 3182 excitans
366 3139 435 3182 uon
458 3119 736 3204 praedeterminat
756 3119 899 3205 physice
920 3117 1059 3180 liberum
1076 3106 1247 3178 arbitrium
1265 3112 1307 3176 ad
1327 3134 1411 3176 con-

192 3242 342 3296 sensum,
373 3221 433 3286 eed
458 3222 493 3286 id
519 3220 623 3286 efficit
648 3223 756 3308 gretia
782 3221 961 3300 adjuvans,
990 3240 1078 3306 quae
1105 3217 1243 3305 gratiam
1265 3213 1411 3303 physice

195 3335 389 3411 operantem
406 3335 438 3389 et
454 3335 689 3412 cooperantem
706 3323 857 3389 includit.
904 3321 1000 3387 Sicut
1015 3323 1056 3386 ad
1074 3319 1243 3385 naturales
1259 3319 1411 3383 actiones

194 3438 326 3516 practer
352 3449 551 3494 concursum
579 3427 632 3492 dei
654 3427 838 3516 generalem
862 3424 1048 3512 praemotio
1068 3423 1212 3511 physica
1234 3444 1321 3506 opus
1349 3431 1410 3499 est,
1504 3457 1505 3508 q

192 3531 239 3598 ita
261 3542 294 3596 et
315 3531 396 3596 nihil
418 3531 683 3616 supernaturalis
707 3531 787 3595 boni
810 3529 895 3595 effici
919 3539 1032 3615 potest
1054 3529 1125 3592 sine
1141 3526 1266 3614 gratiae
1283 3525 1410 3588 auxilio
1504 3513 1505 3588 i

192 3635 359 3701 hominem
384 3635 523 3721 physice
542 3635 585 3700 ad
607 3645 715 3700 ectum
733 3645 970 3720 praemovente
987 3632 1058 3696 sive
1075 3629 1410 3717 praedeterminante,

193 3750 227 3804 et
252 3739 300 3804 ita
326 3738 452 3826 gratiae
478 3737 627 3802 efficacia
653 3739 685 3802 in
715 3739 943 3823 praemotione
971 3758 1031 3800 seu
1053 3731 1410 3818 praedeterminatioue

195 3842 340 3929 physica
367 3841 569 3907 collocatur:
599 3841 687 3906 actio
716 3841 769 3905 dei
789 3841 983 3926 requiritur,
1013 3859 1080 3924 qua
1102 3836 1276 3909 voluntas,
1300 3835 1410 3920 prius·

196 3967 295 4032 quam
321 3945 396 4031 ipsa
422 3965 457 4008 se
484 3943 694 4026 determinet,
717 3946 764 4009 ita
786 3944 828 4009 ed
850 3953 959 4008 actum
982 3940 1171 4028 applicetur
1191 3935 1412 4022 insuperabili

178 4050 330 4120 -virtute,
353 4058 392 4114 ut
411 4048 513 4114 homo
535 4069 602 4112 non
627 4050 792 4135 possitae
816 4069 885 4112 non
907 4045 1135 4112 determinare.
1180 4041 1252 4106 Deo
1269 4040 1411 4126 physice

195 4153 405 4218 voluntatem
418 4152 668 4228 determinante,
685 4152 890 4218 voluntatem
904 4150 1010 4236 ipsam
1023 4145 1233 4219 determinari
1244 4143 1409 4229 idemque,

196 4257 239 4324 ad
274 4257 367 4345 quod
397 4256 643 4348 determinatur,
679 4253 901 4320 infallibiliter
937 4250 1090 4318 effectum
1122 4271 1217 4312 suum
1248 4245 1410 4332 consequi

198 4371 343 4454 oportet5
387 4358 474 4426 Nam
499 4370 531 4424 et
557 4381 686 4424 summo
713 4359 765 4423 dei
791 4357 947 4443 imperio,
976 4376 993 4417 a
1021 4376 1105 4440 quc,
1133 4351 1226 4416 salva
1255 4349 1409 4414 libertate

195 4467 355 4542 humana,
390 4485 505 4528 omnes
534 4465 686 4528 actiones
713 4462 839 4526 liberae
866 4457 1053 4544 dependere
1080 4456 1217 4530 debent,
1251 4451 1408 4516 voluntas

194 4567 403 4656 subjicienda
424 4577 485 4644 est,
509 4577 542 4631 et
563 4567 721 4632 voluutas
743 4566 819 4650 ipsa
838 4561 1032 4628 indifferens
1047 4567 1204 4633 remanet,
1228 4555 1293 4621 nisi
1307 4576 1327 4620 a
1343 4551 1406 4620 deo
