3084 5056
148 573 381 640 Leerdamensi
404 573 437 636 id
461 581 520 648 est.¹
545 593 650 656 prope
670 570 831 635 Laerdam
853 571 967 634 urbem
985 572 1084 636 situm
1100 579 1161 650 est,
1185 590 1225 637 ex
1243 593 1359 658 paren-

149 678 238 742 tibus
276 677 449 742 doctrinae
478 675 663 740 catholicae
694 673 836 740 addictis
866 681 973 741 natus.
1034 673 1207 762 Ultrajecti
1241 676 1360 739 studiis

149 780 403 846 humanioribus
419 777 662 866 persequendis
678 799 714 841 se
731 776 831 852 dedit,
848 777 971 862 quibus
988 779 1154 842 absolutis
1169 778 1357 843 Lovanium

149 905 185 948 se
202 883 347 947 contulit
362 881 547 967 disciplinis
563 889 634 946 tum
649 879 851 967 theologicis
868 889 935 944 tum
953 881 1212 966 philosophicis
1228 880 1358 946 Jacobo

149 987 233 1073 Bajo
251 996 283 1050 et
297 985 427 1050 Jacobo
443 985 606 1049 dansonic
624 983 820 1069 (Jansenio)‚
837 981 926 1046 illius
940 983 1107 1069 discipulo
1129 991 1162 1049 et
1174 983 1360 1060 defensore,

149 1089 317 1176 magistris
338 1110 376 1152 ac
399 1087 542 1153 ducibus
566 1108 700 1173 operam
723 1095 917 1151 navaturus.
964 1085 1028 1152 Ubi
1044 1109 1145 1174 quum
1162 1097 1360 1162 versarctur,

151 1213 278 1256 summo
309 1190 470 1282 amicitiae
497 1189 609 1255 studio
639 1189 801 1255 Joannem
833 1189 878 1255 du
908 1189 1049 1276 Vergicr
1078 1190 1290 1278 (Duvergier)
1321 1190 1363 1255 de

151 1294 347 1370 Hermanno,
374 1293 637 1380 San-Cyrnum,
668 1303 736 1358 tum
762 1293 796 1357 in
822 1292 937 1357 literas
963 1293 1217 1370 incumbentem,
1244 1301 1363 1380 postea

151 1397 185 1461 in
207 1396 465 1462 Franco-Gallia
492 1398 658 1473 abbatem,
686 1397 859 1483 amplexus
882 1404 942 1472 est,
967 1397 1009 1461 ad
1032 1397 1217 1462 doctrinam
1241 1418 1363 1461 novam

151 1501 387 1565 instituendam
425 1511 458 1564 et
493 1499 744 1587 propagandam
781 1500 922 1562 maxima
958 1522 1030 1564 cum
1062 1499 1233 1587 diligentia
1262 1511 1363 1586 atque

151 1624 278 1667 summo
306 1625 379 1668 cum
404 1603 536 1667 fervore
565 1603 747 1690 aliquando
775 1611 1002 1688 cooperatum.
1047 1601 1170 1667 Morbo
1198 1602 1257 1668 illo
1281 1611 1361 1668 tem·

151 1729 233 1792 pore
256 1706 406 1781 affectus,
432 1728 501 1792 quo
525 1719 663 1770 coactus
695 1714 755 1780 est,
780 1705 964 1769 lrovanium
997 1706 1149 1790 corporis
1177 1707 1361 1772 conditioni

152 1819 290 1896 propter
309 1810 397 1874 a‘e'ris
420 1809 652 1896 pinguedinem
676 1809 811 1873 noxium
833 1809 1036 1895 relinquere,
1062 1809 1196 1902 medicis
1219 1809 1361 1875 suaden-

150 1914 242 1978 tibus
257 1912 422 1977 Lutetiam
436 1912 637 1976 Parisiorum
654 1913 796 1977 tendens
813 1913 967 1996 perrexit,
985 1920 1021 1976 ut
1037 1911 1221 1977 valetudini
1239 1935 1361 1978 consu-

150 2016 234 2080 leret
258 2025 291 2079 et
311 2015 550 2101 aegritudinem
572 2015 714 2079 tolleret.
753 2015 884 2079 lnvenit
899 2015 943 2078 ibi
959 2015 1142 2102 invisitque
1157 2014 1363 2102 San-Cyra-

151 2140 229 2184 num
246 2118 397 2191 amicum,
414 2118 509 2204 cujus
530 2117 646 2183 lavore
662 2125 720 2182 aut
740 2117 886 2192 Parisiis,
903 2127 961 2183 aut
976 2117 1124 2204 Bajonae
1134 2119 1253 2205 juveni
1267 2119 1362 2183 fami-

152 2222 215 2286 liae
232 2219 403 2306 cujusdam
421 2221 543 2284 nobilis
559 2221 756 2286 instruendo
773 2222 930 2309 magister
946 2223 1159 2307 praepositus
1182 2233 1242 2288 est.
1282 2223 1362 2286 Cum

150 2325 256 2388 amico
274 2323 433 2410 Bajonam
450 2323 623 2409 profectus
639 2324 834 2412 Collegium,
852 2324 945 2411 quod
961 2324 1030 2389 illic
1046 2333 1125 2401 erat,
1143 2348 1203 2411 per
1218 2325 1359 2413 aliquod

150 2427 310 2513 temporis
341 2429 484 2511 spatium
507 2428 593 2492 rexit
617 2427 725 2492 sodali
749 2427 794 2492 du
817 2427 957 2515 Vergicr
980 2427 1022 2491 de
1045 2427 1227 2494 Hauranne
1258 2451 1359 2494 cano-

94 2602 96 2606 ,
150 2531 294 2595 nicatum
319 2539 428 2595 nacto.
485 2529 561 2610 Quo
588 2540 747 2617 tempore,
772 2530 993 2617 San-Cyrene
1025 2533 1164 2596 maxime
1190 2533 1360 2605 incitante,

151 2645 252 2721 atque
277 2645 430 2720 urgente,
454 2633 487 2698 S.
510 2635 689 2722 Augustini
712 2655 816 2720 opera
839 2635 995 2698 acerrimo
1019 2635 1131 2699 studio
1154 2635 1362 2721 perlustrans

149 2747 274 2803 tantam
299 2747 432 2824 tamque
455 2747 623 2802 strenuam
646 2737 679 2802 S.
702 2738 811 2802 Patris
835 2739 978 2801 animum
1001 2738 1239 2825 ingeniumque
1253 2739 1361 2825 perci·

150 2839 263 2925 piendi
287 2861 420 2925 operam
438 2861 618 2926 curamque
634 2841 805 2926 impendit,
828 2858 949 2905 utnon
967 2841 1038 2904 sine
1055 2841 1257 2906 valetudinis
1273 2841 1360 2928 peri·

152 2943 227 3006 culo
256 2943 400 3008 assiduis
427 2943 586 3008 librorum
616 2944 688 3030 rjus
715 2944 916 3008 lectionibus
944 2943 1123 3008 interesset
1147 2952 1250 3008 matre
1277 2945 1360 3008 San-

151 3045 272 3130 Cyrani
293 3068 360 3110 non
383 3047 484 3110 semel
507 3056 702 3133 conquesta,
726 3047 817 3133 quod
839 3047 926 3110 filius
948 3047 1094 3130 „bonum
1115 3047 1208 3110 illum
1225 3047 1359 3134 Belgam

150 3148 515 3237 nimiusdefatigaret.“
560 3150 645 3214 Post
674 3151 804 3237 aliquot
834 3171 942 3213 annos
973 3149 1220 3234 praeterlapsos
1251 3149 1360 3214 Love·

149 3253 240 3318 nium
261 3252 369 3318 redux
390 3253 499 3318 factus
521 3253 672 3340 Collegio
695 3253 838 3322 Sanctae
859 3251 1055 3317 Pulcheriae
1076 3253 1123 3316 ibi
1145 3253 1262 3338 paullo
1284 3261 1361 3318 ante

151 3364 321 3421 exstructo
335 3357 524 3442 praefectus
538 3359 669 3442 positus
684 3364 743 3432 cst,
762 3357 855 3442 quod
871 3378 947 3419 rncx
964 3355 1048 3420 adeo
1064 3357 1174 3420 evexit
1190 3365 1223 3420 et
1239 3356 1356 3442 ampli-

148 3460 330 3536 ficavitut
353 3460 492 3524 maxime
513 3459 655 3528 floreret.
700 3460 847 3524 Pecunia
869 3461 901 3522 in
919 3481 1036 3522 ananus
1052 3466 1196 3544 recepta,
1221 3457 1359 3524 admini-

149 3564 311 3628 stratione
335 3585 462 3627 summo
486 3585 558 3628 cum
581 3563 696 3629 labore
721 3576 823 3650 gesta,
848 3562 972 3626 functos
994 3562 1080 3639 emit,
1102 3562 1252 3628 redditus
1269 3585 1358 3628 com-

150 3667 296 3753 paravit,
328 3666 478 3731 aedificia
508 3668 689 3743 exstruxit,
720 3665 903 3754 Collegium
936 3664 1087 3729 funditus
1118 3665 1160 3729 ab
1189 3665 1357 3732 radicibus

148 3771 261 3836 erexit.
319 3769 439 3834 Officio
467 3791 557 3834 novo
586 3777 720 3835 strenue
737 3771 879 3834 ‘vacanti
909 3778 1038 3853 tempus
1066 3768 1264 3860 animusque
1289 3793 1357 3836 non

149 3874 263 3950 defuit,
288 3894 415 3938 summo
439 3895 552 3938 amore
574 3872 629 3938 hic
653 3895 788 3960 quoque
813 3873 913 3937 rebus
936 3871 1136 3958 theologicis
1158 3881 1192 3937 et
1213 3872 1356 3944 Petrum.

147 3977 304 4062 imprimis
327 3977 360 4042 S.
377 3977 565 4064 Augustini,
587 3975 709 4040 deinde
726 3977 904 4041 doctorum
929 3973 1211 4042 scholasticorum
1223 3977 1357 4064 scriptis

150 4079 393 4164 acquiescendi.
454 4083 615 4157 Attamen,
648 4093 758 4166 quum
780 4090 910 4165 tempus
941 4078 1062 4142 studiis
1094 4100 1228 4165 operam
1259 4101 1357 4168 quam

148 4181 318 4246 maximam
351 4183 497 4246 navandi
527 4205 595 4246 non
627 4191 834 4268 suppeteret,
866 4206 999 4247 munere
1030 4181 1196 4260 abdicato,
1228 4205 1356 4249 omnem

148 4304 281 4370 operam
303 4285 489 4372 disciplinis
504 4285 705 4373 theologicis
720 4287 905 4352 tractandis
920 4285 1090 4372 impendit.

209 4388 307 4454 Anno
327 4390 409 4455 1624
423 4397 455 4454 et
471 4410 559 4454 anno
579 4388 659 4454 1625
676 4390 717 4454 ab
733 4389 950 4456 universitate
967 4387 1169 4454 Lovaniensi
1184 4388 1217 4452 in
1232 4385 1356 4476 Hispa-

146 4490 243 4570 niam,
261 4515 304 4558 ex
319 4501 488 4580 quaterra
499 4502 567 4558 tum
584 4493 752 4558 academia
763 4493 985 4560 Lovaniensis
998 4491 1218 4578 dependebat,
1235 4493 1356 4558 missus

147 4603 207 4674 est,
224 4605 263 4661 ut
275 4598 420 4685 negotia,
439 4617 524 4685 quae
536 4595 764 4662 lovanienses
782 4619 853 4660 cuin
867 4596 1028 4682 Hispanis
1044 4595 1214 4660 habebant
1229 4607 1358 4682 gereret

1122 4692 1151 4751 l*
