3084 5056
807 391 845 461 18

220 590 358 666 arbitrio
381 621 487 678 usum,
510 597 660 664 Instituti
681 599 814 665 utilitati
831 621 870 666 ac
886 602 1061 667 commodo
1077 624 1145 668 non
1163 625 1300 689 semper,
1322 603 1426 670 immo

217 703 332 789 potius
348 703 456 788 ipsius
472 723 534 767 suo
552 701 773 778 consuluisse,
791 705 948 791 quoniam
965 705 1107 792 exempli
1123 707 1228 793 gratia
1243 705 1426 772 Martinam

217 806 259 872 de
274 805 409 882 Barcos,
431 805 517 870 San·
528 803 649 892 Cyrani
671 809 814 871 sorroris
829 807 941 885 filium,
963 831 1060 895 quem
1076 811 1108 874 in
1127 809 1267 898 Collegii
1283 810 1422 876 scholas

216 916 398 994 receperat,
422 909 571 995 pecuniis
595 909 673 972 huic
696 908 848 998 Collegio
868 913 1014 997 propriis
1036 913 1295 978 sustentavisset
1309 922 1424 1001 atque,

219 1013 283 1076 etsi
304 1034 412 1077 rerum
434 1011 689 1076 domesticarum
706 1014 840 1078 nonnisi
855 1014 1112 1092 administrator,
1136 1024 1246 1082 tamen
1261 1015 1423 1082 fundato·

218 1115 311 1180 ribus
333 1114 458 1190 invitis,
483 1122 641 1200 tanquam
663 1137 845 1200 possessor
867 1119 1106 1204 proprietarius
1121 1119 1254 1205 egisset,
1278 1119 1425 1207 denique

216 1219 364 1283 rationes
386 1218 530 1282 reddens
551 1219 717 1283 reviseres
739 1220 937 1307 decepisset.
982 1223 1092 1308 Atque
1113 1221 1267 1308 profecto
1288 1223 1336 1287 ita
1350 1223 1427 1310 ipse

218 1322 348 1387 scribit:
373 1320 472 1400 „Non
494 1343 556 1407 pas
580 1343 645 1408 que
662 1322 741 1408 j'aie
763 1331 836 1388 tant
859 1323 900 1388 de
922 1345 1062 1412 moyens
1084 1326 1124 1390 de
1144 1325 1339 1403 moi-meme,
1364 1329 1426 1413 qui

217 1425 280 1490 n'ai
295 1424 366 1489 rien
382 1425 480 1488 sinon
496 1446 549 1488 ma
565 1426 641 1502 mie;
664 1426 749 1490 mais
765 1426 845 1492 c’est
865 1427 1005 1514 l'argent
1021 1427 1067 1492 du
1083 1427 1221 1516 Collega
1238 1429 1295 1516 qui
1310 1438 1363 1496 est
1378 1451 1421 1495 en

215 1550 285 1593 mes
309 1527 414 1592 mains
441 1528 499 1614 qui
524 1536 652 1614 permet
677 1527 754 1593 bien
769 1529 850 1610 cela,
882 1537 915 1595 et
940 1531 1143 1618 davantage;
1171 1553 1266 1614 sans,
1297 1533 1423 1619 qu'aux

215 1638 366 1717 comptas
389 1653 454 1719 que
468 1632 505 1717 je
524 1631 625 1695 rends
647 1638 759 1696 tontes
775 1633 825 1697 les
841 1631 973 1709 aunees,
996 1655 1165 1719 personne
1181 1634 1225 1698 du
1242 1635 1362 1700 monde
1379 1657 1422 1699 en

215 1734 317 1800 sache
333 1735 403 1799 rien
418 1734 478 1815 ¹)3‘
523 1733 620 1810 Sane,
642 1757 683 1798 cx
698 1736 809 1818 verbis
830 1736 992 1823 ejusmodi
1011 1737 1167 1825 colligere
1183 1737 1270 1816 licet,
1292 1760 1360 1803 non
1377 1741 1421 1803 ab

214 1839 304 1903 omni
320 1838 421 1924 culpa
434 1837 574 1902 liberum
590 1837 784 1904 Jansenium
798 1838 911 1907 fuisse.

232 1951 235 1956 '
276 1941 461 2028 Postquam
481 1963 542 2026 per
564 1941 681 2028 viginti
701 1942 787 2006 duos
809 1963 915 2008 anuos
937 1965 1081 2008 summae
1103 1944 1235 2009 veritati
1256 1951 1289 2008 et
1308 1950 1421 2010 rectae

213 2045 289 2110 fidei
319 2045 484 2110 eruendae
514 2067 648 2130 operam
678 2047 823 2122 navavit,
853 2047 887 2110 in
917 2048 1147 2134 „Augustino“
1177 2047 1263 2112 libro
1288 2047 1420 2114 fructus

213 2149 398 2214 studiorum
428 2149 542 2233 posuit
571 2148 834 2234 collocavitque,
864 2149 1084 2215 moribundus
1115 2157 1292 2215 extremam
1323 2153 1419 2237 operi

211 2273 343 2316 manum
359 2249 550 2315 admovens.
594 2250 769 2337 Inscripsit
783 2274 863 2316 vero
879 2253 999 2317 librum
1015 2252 1081 2317 hoc
1098 2253 1214 2318 modo:
1238 2255 1417 2342 „Augusti-

212 2377 285 2432 nus,
314 2376 373 2418 seu
397 2353 550 2419 doctrina
576 2353 609 2420 S.
638 2356 816 2441 Augustini
840 2355 882 2421 de
907 2355 1071 2420 humanae
1097 2364 1235 2420 naturae
1263 2358 1415 2432 sanitate,
1517 2367 1518 2392 ¹

211 2457 437 2547 aegritudine,
473 2456 636 2522 medicina
672 2457 833 2522 adversus
869 2458 1068 2546 Pelagianos
1104 2468 1137 2524 et
1171 2458 1417 2538 Massilienses3

210 2561 352 2628 Lovanii
377 2560 467 2626 1640.
496 2560 633 2625 Parisiis
657 2560 771 2626 1641.“

272 2663 338 2728 Per
365 2664 541 2728 triennium
570 2665 767 2750 episcopatu
789 2663 937 2748 Yprensi
959 2663 1096 2729 functus
1119 2685 1207 2729 anno
1233 2666 1338 2742 1638,
1361 2667 1416 2731 die
1516 2685 1517 2694 ¹

209 2767 238 2832 6.
266 2767 349 2854 Maji
374 2767 429 2832 lue
455 2768 490 2832 in
515 2767 598 2832 urbe
624 2767 713 2832 sedis
740 2775 913 2854 grassante
944 2767 1110 2832 extinctus
1131 2774 1191 2832 est.

272 2870 381 2946 Liber,
420 2871 473 2935 cui
509 2871 688 2958 Augustini
725 2892 845 2934 nomen
883 2869 1048 2955 praefixit,
1086 2872 1164 2958 quia
1197 2893 1269 2936 eum
1304 2893 1413 2937 verani

207 2973 239 3038 S.
267 2974 376 3038 Patris
407 2973 590 3039 doctrinam
617 2997 636 3038 a
664 2973 865 3061 quingentis,
895 2983 933 3038 ut
962 2973 1082 3060 ajebat,
1114 2973 1210 3038 aunis
1238 2996 1255 3038 e
1286 2974 1412 3039 scholis

207 3077 449 3142 catholicorum
473 3077 600 3142 exulem
624 3099 800 3142 revocasse
823 3077 916 3151 dixit,
940 3077 1113 3141 doctrinae
1134 3098 1245 3142 novae
1268 3099 1327 3163 per
1346 3086 1410 3142 tarn

204 3180 341 3268 longum
357 3181 517 3267 temporis
534 3181 676 3266 spatium
694 3191 826 3267 tamque
837 3180 998 3266 pertinaci
1009 3181 1125 3244 labore
1142 3202 1181 3245 ac
1200 3202 1408 3246 0111111111-

205 3294 257 3349 tae
272 3283 364 3372 leges
380 3293 413 3350 et
433 3285 595 3370 principia
616 3285 775 3350 continet.
820 3282 915 3363 Quae
937 3283 1100 3368 principia
1115 3284 1161 3348 ita
1177 3283 1411 3348 describuntur

204 3387 246 3452 ab
264 3398 400 3454 auctore
416 3389 562 3476 quodam
579 3386 718 3474 gallico:
741 3387 856 3464 „Deus
879 3409 940 3450 son
958 3385 1133 3470 (Jansenii)
1151 3386 1262 3472 esprit,
1285 3385 1319 3450 la
1333 3408 1408 3473 pra-

202 3491 296 3578 tique
322 3491 364 3556 de
389 3491 422 3555 la
448 3492 501 3557 vie
525 3515 561 3556 se
587 3489 765 3555 rattachait
793 3510 851 3572 par
870 3511 935 3554 una
959 3487 1078 3554 e'troite
1103 3487 1320 3575 de'pendance
1343 3511 1407 3554 aux

203 3592 379 3680 pre'ceptes
397 3593 438 3658 de
453 3593 486 3658 la
502 3595 661 3660 doctrine.
706 3591 733 3656 Il
748 3591 794 3656 lui
809 3593 987 3677 paraissait
1001 3592 1195 3679 impossible
1213 3591 1408 3658 d'atteindre

203 3695 303 3762 laune
319 3699 372 3763 vie
388 3697 619 3784 parfaitement
635 3695 819 3782 spirituelle
835 3705 868 3761 ct
883 3697 1045 3762 vraiment
1067 3694 1268 3773 chretienne,
1291 3696 1319 3759 si
1339 3693 1407 3760 l'on
1512 3771 1513 3791 ,

118 3811 120 3816 ’
203 3823 245 3866 111
267 3802 484 3878 commencait
502 3823 564 3888 par
585 3801 691 3866 croire
707 3798 727 3864 ai
742 3809 827 3865 cette
849 3801 1010 3878 doctrine,
1031 3821 1133 3886 parce
1152 3821 1216 3886 que
1236 3799 1328 3864 seule
1344 3798 1407 3864 1111

202 3905 358 3992 enseigne
381 3905 542 3970 vraiment
564 3902 748 3970 l’humilite'.
792 3903 905 3968 Telles
929 3913 1016 3982 sont,
1040 3927 1080 3968 en
1106 3903 1191 3980 effet,
1214 3901 1264 3967 les
1288 3900 1406 3966 consci-

202 4029 349 4095 quences
381 4006 478 4072 d'une
505 4008 648 4072 certaine
679 4003 822 4072 maniire
853 4007 1045 4072 d’entendre
1078 4005 1109 4070 le
1148 4005 1405 4072 christianismo.
1511 4011 1512 4043 ⁴

198 4110 288 4175 Sous
312 4110 343 4176 lc
366 4106 518 4196 pre'texte
543 4133 608 4197 que
631 4109 783 4196 l’orgueil
806 4131 822 4173 a
845 4110 951 4195 perdu
971 4109 1134 4185 l’homme,
1159 4129 1203 4173 on
1218 4108 1406 4174 travailleal

198 4214 310 4280 ruincr
328 4209 583 4301 comple'tement
598 4235 639 4278 en
660 4213 705 4279 lui
721 4213 752 4278 le
768 4213 943 4278 sentiment
959 4212 1001 4278 dc
1017 4233 1054 4278 sa
1068 4211 1161 4278 force
1176 4213 1403 4300 personnelle;

197 4431 398 4450 *uu—u·-

268 4563 877 4642 1)Ερ.4.1)11101111111112111111111
903 4571 976 4634 lala.
1011 4565 1200 4630 AMonsicur
1223 4567 1257 4628 du
1282 4565 1400 4646 Vergieq
1508 4623 1509 4632 ,

196 4651 331 4712 Chanoiue
345 4656 377 4712 dc
389 4656 490 4713 Nostre
502 4657 586 4716 Dama
599 4659 631 4714 dc
644 4659 756 4732 Bajone.
