3050 5046
765 299 806 367 88

247 503 367 591 Neque
388 503 538 569 Jansenii
560 503 717 590 discipuli
740 527 759 569 a
782 525 922 570 censura
945 505 1132 568 eximuntur
1155 507 1407 588 protestantes,
1501 502 1507 575 ζ

186 607 359 673 Calvinum
383 607 472 672 omni
495 608 602 672 activa
624 607 832 674 voluntatem
855 628 975 672 exuere
990 607 1023 672 vi
1040 605 1183 693 eligendi
1206 613 1239 669 et
1253 604 1405 668 liberum
1503 656 1507 674 ,

184 711 294 798 ipsum
324 710 493 776 arbitrium
519 718 676 776 evertere.
721 711 805 776 Nam
828 709 986 776 Calvinus
1009 731 1077 774 non
1101 730 1230 772 omnem
1253 708 1406 772 activam

186 811 1408 902 voluntativimdenegavit,utexiisquaeinmediumproferrepossumus

186 917 299 985 verbis
321 915 441 1002 liquet:
480 915 659 993 „Frustra“
681 917 792 1004 inquit
815 917 983 992 Calvinus,
1007 915 1106 992 „hinc
1129 915 1227 978 nobis
1251 912 1408 978 conflare

184 1017 344 1088 invidiam
367 1019 483 1083 nititur
504 1018 680 1105 (Pighius),
704 1020 799 1106 quod
814 1020 966 1085 homines
982 1019 1151 1104 lapidibus
1167 1017 1290 1082 similes
1305 1015 1406 1087 fiant,

184 1121 217 1194 ai
237 1121 350 1190 nullae
371 1120 438 1186 illis
459 1123 493 1185 in
514 1122 600 1186 bene
621 1122 752 1208 agendo
775 1133 889 1210 partes
911 1122 1150 1209 relinquantur.
1194 1120 1233 1186 ld
1255 1121 1341 1184 enim
1359 1141 1407 1183 ex

187 1223 341 1292 doctrina
363 1233 481 1288 nostra
504 1245 676 1309 perperam
700 1225 816 1301 infert,
840 1227 898 1312 qui
921 1233 1061 1290 mentem
1085 1223 1229 1288 hominis
1255 1221 1408 1286 fatemur

186 1325 316 1404 videre,
347 1327 407 1392 sed
428 1327 665 1404 illuminatum3
697 1328 859 1414 judicium
883 1328 1085 1404 discernere,
1115 1336 1149 1392 et
1171 1327 1309 1413 eligere,
1339 1323 1407 1388 sed

188 1430 325 1515 spiritus
342 1429 525 1497 directione
540 1431 774 1516 gubernatum:
798 1454 857 1496 cor
872 1443 946 1496 esse
962 1432 1195 1512 voluntarium,
1217 1429 1275 1494 sed
1291 1427 1406 1494 refor-

187 1542 309 1597 matum
326 1555 425 1597 manu
440 1533 518 1611 Dei3
542 1532 708 1598 hominem
730 1537 849 1620 ipsum,
874 1543 907 1599 et
923 1535 1045 1609 conari,
1069 1543 1102 1599 et
1117 1556 1214 1622 agere
1228 1542 1262 1598 et
1277 1531 1322 1597 ad
1338 1532 1407 1596 Dei

188 1635 386 1722 obsequium
411 1637 580 1722 applicare
603 1659 681 1701 suas
705 1637 898 1714 facultates
928 1637 987 1704 sed
1012 1659 1073 1723 pro
1096 1637 1222 1723 gratiae
1245 1655 1407 1700 mensura

188 1759 288 1826 quam
305 1739 465 1825 accepit.“
511 1738 613 1820 (Calv.
630 1740 671 1805 de
687 1741 946 1829 liberoflarbitrio
962 1742 983 1806 l.
1000 1743 1053 1822 5.).
1099 1739 1197 1817 „Nou
1213 1739 1281 1803 hoc
1297 1759 1406 1834 quae·

187 1842 280 1920 ritur,
297 1855 374 1930 agat
390 1866 431 1907 ne
448 1843 616 1921 voluntas,
632 1843 724 1930 quod
741 1853 834 1908 extra
849 1845 984 1909 dubium
1002 1853 1068 1917 est;
1081 1844 1139 1908 sed
1156 1852 1234 1930 agat
1248 1865 1291 1906 ue
1306 1865 1349 1906 ex
1367 1863 1407 1905 se

186 1945 276 2031 ipsa,
304 1931 346 2010 an
370 1968 431 2032 pro
454 1947 554 2011 modo
579 1947 710 2012 divinae
734 1948 891 2012 actionis:
929 1957 989 2012 aut
1011 1948 1190 2021 crassiore,
1220 1947 1247 2009 si
1279 1945 1406 2030 placet,

186 2047 350 2134 loquendi
368 2049 478 2125 modo,
503 2049 662 2114 distincta
677 2072 719 2114 ne
735 2071 775 2114 an
793 2059 949 2134 separata
971 2052 1015 2115 sit
1037 2050 1125 2114 actio
1149 2049 1334 2114 voluntatis
1360 2048 1405 2110 ab

188 2152 385 2237 operatione
409 2152 486 2217 Dei:
516 2175 558 2216 an
581 2152 644 2227 illi,
669 2153 760 2238 quod
784 2154 893 2239 ajunt,
917 2153 1164 2219 subordinatur.
1210 2151 1294 2232 Quis
1310 2151 1402 2216 enim

185 2256 307 2331 nescit,
341 2277 402 2341 per
431 2251 638 2320 voluntatem
669 2255 738 2320 fieri
767 2264 805 2320 ut
833 2255 914 2320 velit
944 2255 1067 2320 homo?
1096 2255 1163 2320 Sed
1186 2254 1310 2319 Paulus
1332 2254 1406 2318 illic

187 2357 393 2423 voluntatem
418 2359 537 2422 asserit
552 2359 613 2422 Dei
637 2359 757 2443 spiritu
779 2358 966 2444 gubernari,
990 2369 1028 2423 ut
1050 2360 1092 2423 ad
1114 2361 1236 2422 bonum
1252 2357 1406 2432 inclinet,

187 2468 220 2526 et
242 2461 377 2546 aspiret,
401 2460 546 2547 ideoque
572 2461 742 2546 propriam
765 2463 837 2548 ejus
861 2484 935 2526 esse
951 2463 1125 2538 actionem,
1149 2462 1208 2526 sed
1225 2461 1405 2549 quidboni

187 2563 296 2628 animo
329 2565 569 2650 concipimus.“
625 2562 729 2648 (Calv.
752 2565 920 2630 delibero
949 2567 1078 2640 arbitr,
1105 2565 1162 2629 lib.
1183 2565 1224 2648 6.)
1282 2563 1406 2651 Itaque

140 2689 142 2693 ⁴
187 2666 345 2732 Calvinus
368 2689 438 2732 non
462 2689 589 2732 omnem
614 2669 755 2732 activam
779 2669 843 2733 vim
867 2691 886 2733 a
909 2669 1084 2734 voluntate
1100 2668 1276 2744 abscindit,
1300 2668 1406 2732 docet

187 2770 311 2854 potius,
335 2773 445 2836 animo
466 2771 661 2836 facultatem
678 2793 753 2836 esse
768 2773 916 2837 vitalem:
939 2781 1079 2836 mentem
1097 2771 1218 2848 videre,
1236 2770 1403 2858 judicium

187 2873 385 2952 discernere,
409 2874 542 2963 eligere,
558 2897 617 2940 cor
632 2875 856 2940 voluntarium
871 2897 954 2952 esse,
971 2874 1135 2939 hominem
1153 2874 1276 2951 conari,
1293 2895 1403 2961 agere,

186 2977 228 3042 ad
245 2976 299 3044 dei
315 2978 514 3066 obsequium
530 2977 700 3064 applicare
710 3000 790 3043 suas
802 2979 991 3058 facultates,
1004 2977 1150 3042 vitaliter
1161 2999 1268 3064 agere,
1285 2977 1402 3065 quoad

185 3079 313 3144 scilicet
336 3079 379 3145 ad
402 3081 614 3146 materialiter
636 3081 761 3146 bonum
785 3081 1009 3168 operandum
1033 3080 1186 3166 profecto
1207 3089 1317 3145 tamen
1333 3081 1400 3146 vim

184 3181 370 3248 voluntatis
392 3184 535 3248 activam
557 3206 575 3248 e
597 3184 706 3248 medio
729 3185 819 3250 tollit
840 3185 953 3270 quoad
975 3185 1101 3248 bonum
1116 3183 1298 3248 formaliter
1317 3205 1400 3247 oon-

185 3285 376 3366 sideratum,
400 3296 567 3374 quatenus
591 3287 719 3352 seilicet
741 3286 783 3352 ad
807 3309 893 3373 opus
909 3288 1111 3369 meritorium
1127 3285 1398 3351 constituendum

188 3387 289 3456 homo
314 3391 403 3454 omni
426 3391 459 3454 vi
482 3389 663 3455 destitutus
684 3393 742 3466 sit,
764 3391 798 3455 in
822 3413 924 3476 opere
946 3391 1037 3456 bono
1054 3399 1088 3456 et
1102 3389 1269 3454 meritorio
1287 3389 1400 3453 omnia

185 3491 249 3558 deo
273 3493 473 3571 tribuantur,
497 3493 581 3558 nihil
605 3517 645 3558 ex
670 3503 764 3580 parte
785 3494 929 3559 hominis
946 3504 1071 3581 agatur.
1117 3490 1306 3560 Concilium
1321 3491 1397 3558 Tri·

185 3595 357 3662 dentinum
380 3597 474 3679 (sess.
494 3597 523 3661 6.
541 3619 612 3662 ean.
628 3599 671 3678 4.)
694 3597 884 3662 damnando
906 3597 1032 3662 thesin:
1071 3597 1308 3673 „Voluntatem
1332 3596 1396 3661 deo

185 3699 344 3766 excitanti
360 3707 462 3786 atque
476 3701 613 3765 vocanti
626 3701 803 3766 dissentire
814 3724 1001 3788 nonposse,
1018 3702 1047 3765 si
1059 3701 1148 3777 velit,
1162 3701 1220 3765 sed
1238 3699 1329 3764 velut
1344 3700 1395 3764 iu-

183 3803 290 3868 anime
307 3802 478 3890 quoddam
499 3802 582 3867 nihil
605 3806 739 3868 omnino
762 3826 860 3891 agere
877 3827 1031 3892 moreque
1049 3804 1181 3889 passive
1197 3825 1233 3868 se
1250 3803 1394 3867 habere“

182 3906 217 3971 in
239 3905 380 3971 Calvino
408 3917 586 3994 utrumque
613 3905 676 3971 hau
704 3909 937 3992 propositione
965 3918 1156 3980 contentum
1183 3907 1332 3981 damnat,
1363 3907 1397 3970 iu

181 4008 342 4076 Jansenio
367 4009 477 4074 solum
500 4008 582 4075 hoo:
617 4010 857 4088 „Voluntatem
880 4012 944 4077 deo
968 4011 1126 4076 excitanti
1142 4018 1243 4097 atque
1259 4009 1393 4075 vocanti

181 4112 357 4178 dissentire
378 4134 446 4178 non
470 4135 586 4199 posse,
611 4115 639 4178 si
662 4114 773 4179 velit.“
818 4114 853 4180 Si
868 4115 1063 4180 Janseniani
1083 4113 1150 4178 hoc
1164 4122 1288 4200 negant
1304 4133 1394 4176 asse·

180 4224 309 4293 nautea,
345 4236 446 4300 posse
471 4215 677 4292 voluntatem
705 4217 883 4284 dissentire
909 4219 1034 4306 gratiae
1056 4217 1219 4297 moventi,
1255 4217 1283 4280 si
1304 4215 1392 4289 velit,

181 4319 336 4384 absolute
358 4318 491 4405 quidem
519 4319 692 4408 loquendo
714 4343 827 4385 verum
851 4322 982 4398 dicunt,
1017 4319 1166 4384 sednon
1190 4319 1327 4384 relative
1349 4317 1391 4382 ed

182 4432 330 4508 systema
340 4421 589 4502 Janseniticum,
600 4425 700 4510 juxta
719 4425 809 4509 quod
827 4425 966 4488 absente
982 4423 1205 4489 delectatione
1221 4421 1390 4508 superiore
