3084 5056
693 319 891 418 *st-.-

188 530 248 600 est,
271 544 291 586 a
313 543 381 608 quo
402 523 486 586 haec
509 524 619 586 omnia
640 524 742 588 docta
760 530 862 601 sum,“
884 523 1006 588 nobilis
1030 525 1194 610 quaedam
1216 525 1339 588 femina
1366 527 1410 589 in

185 625 413 711 Portu-Regio
440 634 586 702 versata,
617 626 769 692 Madame
801 628 842 694 de
870 627 1029 712 Sevigne‚
1054 629 1114 705 ait3
1137 630 1193 709 „in
1216 650 1256 694 eo
1280 650 1408 692 verum

186 729 320 793 invenio
335 727 569 809 Jansenistam‚
586 731 685 794 sicuti
702 731 799 794 etiam
815 732 848 795 in
865 730 897 794 S.
911 731 1017 795 Paulo
1034 731 1203 816 apostolo.
1246 731 1408 796 Jesuitae

188 831 385 918 phantasma
422 831 590 918 quoddam
628 832 771 910 habent,
811 833 903 919 quod
939 833 1184 898 Jansenismum
1214 835 1408 898 nominant.

188 935 288 1016 Quod
312 935 492 1022 objurgant
513 957 576 1020 pro
599 936 698 1001 libitu
721 959 830 1024 neque
853 936 1078 1002 sublimiorem
1100 936 1255 1002 videntur
1269 937 1410 1002 fontem

187 1059 401 1125 cognoscere,
419 1061 459 1102 ex
475 1060 543 1124 quo
560 1038 643 1102 haec
661 1041 771 1106 omnia
787 1039 1053 1126 promaneut¹).“

776 1278 783 1295 .
803 1243 829 1296 6.
872 1263 874 1269 ·

263 1343 282 1398 J
282 1342 416 1397 arsenius
427 1343 513 1397 libris
525 1345 619 1398 saneti
630 1241 789 1410 Augustiiri
800 1345 874 1400 mule
885 1343 1046 1400 intellectis
1058 1343 1094 1398 ad
1106 1344 1233 1412 systema
1245 1357 1326 1398 suum

532 1493 535 1509 ι
625 1431 843 1486 construendum
855 1431 959 1486 utitur.

252 1567 411 1631 Adamum
434 1569 650 1634 innocentem
673 1581 706 1634 et
722 1572 885 1658 integrum
902 1591 921 1632 a
936 1569 1000 1634 deo
1017 1568 1198 1648 conditum,
1216 1567 1352 1654 justitia
1370 1577 1408 1632 et

186 1672 364 1736 sanctitate
387 1678 488 1756 atque
511 1672 761 1739 immortalitate
777 1672 1074 1759 supernaturaliter
1090 1671 1260 1748 munitum,
1278 1671 1407 1735 exinde

188 1775 341 1842 omnibus
362 1775 495 1838 auxiliis
512 1776 553 1840 ad
570 1777 655 1841 bene
677 1777 841 1864 agendum
858 1787 890 1840 et
906 1774 1184 1862 perseverandum
1200 1775 1407 1838 necessariis

186 1878 374 1964 praeditum
407 1877 512 1942 fuisse
547 1880 679 1944 scimus.
723 1880 795 1945 Jam
824 1902 904 1945 vero
926 1879 1105 1944 lansenius
1129 1877 1170 1942 de
1199 1877 1405 1942 auxiliorum

185 1983 327 2046 istorum
347 2003 468 2066 genere
491 1983 660 2048 disserens
677 1985 718 2048 ab
737 1984 897 2048 ecclesiae
913 1983 1066 2047 doctrina
1082 1980 1249 2045 abhorret.
1295 1979 1405 2060 Quod

186 2086 351 2149 internos
368 2094 512 2160 constat,
536 2086 601 2150 hoc
618 2098 685 2151 est:
708 2087 846 2152 Creator
861 2089 932 2173 ipse
948 2086 1050 2164 Adae,
1066 2085 1119 2148 cui
1134 2084 1167 2146 in
1185 2084 1290 2169 primo
1307 2105 1405 2148 crea·

187 2189 289 2252 tionis
313 2199 440 2272 puncto
465 2210 504 2251 ac
528 2199 712 2267 momento,
742 2191 788 2254 ita
810 2199 847 2254 ut
870 2190 970 2253 homo
996 2189 1088 2252 nullo
1111 2195 1262 2272 tempore
1293 2188 1406 2273 gratia

187 2291 344 2368 caruerit,
380 2292 518 2377 gratiam
548 2291 751 2357 habitualem
788 2295 859 2357 sive
889 2291 1148 2356 sanctificantem
1179 2289 1403 2362 condonavit,

187 2395 325 2480 gratiam
349 2395 434 2458 banc
457 2406 676 2460 conservaret
699 2406 801 2482 atque
816 2397 848 2460 in
871 2395 1033 2460 actualem
1050 2415 1237 2480 cooperans
1254 2403 1404 2458 verteret

187 2521 325 2562 necesse
356 2498 429 2562 fuit.
486 2499 626 2562 Praeter
662 2501 798 2586 gratiam
834 2497 1107 2562 sanctificantem.
1132 2497 1237 2583 primo
1272 2496 1403 2562 homini

186 2602 316 2687 integro
341 2613 374 2665 et
396 2603 565 2666 innocenti
590 2603 631 2667 ad
653 2603 934 2689 perseverandum
955 2603 989 2665 in
1006 2601 1139 2688 justitia
1160 2607 1193 2664 et
1215 2600 1256 2664 ad
1272 2599 1403 2664 bonum

190 2704 395 2790 operandum
434 2707 540 2790 gratia
576 2707 716 2770 actualis
749 2715 891 2770 mentem
924 2705 1098 2770 illustrans
1132 2713 1165 2768 et
1194 2703 1403 2768 voluntatem

189 2809 354 2894 adjuvans
385 2830 471 2893 opus
502 2818 580 2873 erat.
646 2810 697 2873 Ita
734 2809 834 2875 docet
871 2804 1056 2873 Concilium
1093 2807 1330 2872 Arausicanum
1369 2817 1405 2871 et

190 2913 222 2976 S.
248 2912 463 2997 Augustinus
509 2910 643 2978 Certum
671 2915 768 2978 etiarn
796 2924 856 2991 eet,
883 2912 1040 2976 auxilium
1063 2909 1157 2989 illud,
1181 2931 1249 2998 quo
1273 2912 1403 2997 primus

186 3037 310 3102 parens
325 3025 445 3080 auctus
466 3023 525 3094 est,
548 3024 586 3080 ut
606 3017 747 3081 inbono
765 3023 1001 3103 perseveraret,
1023 3035 1092 3078 non
1107 3015 1142 3078 in
1157 3013 1274 3078 eodem
1290 3015 1398 3102 gradu

187 3119 215 3182 ei
246 3139 332 3204 opus
354 3117 473 3196 fuisse,
498 3140 566 3204 quo
590 3119 688 3183 nobis
713 3128 764 3184 est
787 3143 859 3184 cum
884 3119 1158 3203 concupiscentia
1179 3118 1400 3198 luctantibus,

186 3222 229 3288 ad
251 3221 456 3309 peccandum
480 3231 643 3307 perpetuo
668 3223 829 3303 incitatis,
853 3222 895 3286 ad
917 3221 1037 3286 malum
1059 3220 1247 3286 faciendum
1272 3222 1400 3308 pronis,

186 3327 228 3391 ad
257 3327 343 3390 bene
371 3325 537 3412 agendum
559 3321 681 3402 tardis,
711 3327 836 3413 quippe
864 3325 970 3412 gratia
997 3324 1209 3390 sanctificans
1240 3331 1392 3388 nostram

185 3437 326 3494 mentem
343 3429 500 3514 subjiciat
523 3428 657 3514 quidem
674 3429 748 3505 deo,
771 3451 840 3493 non
857 3437 964 3492 autem
982 3449 1112 3492 carnem
1135 3429 1247 3504 menti,
1270 3429 1399 3514 primo·

185 3555 255 3598 rum
273 3553 353 3597 vero
371 3541 543 3617 parentum
560 3533 713 3617 spiritum
731 3533 805 3609 deo,
822 3553 954 3596 carnem
969 3533 1100 3618 spiritui
1116 3531 1285 3596 subderet.
1330 3530 1399 3596 Sed

186 3659 275 3701 nunc
291 3637 409 3724 agitur,
426 3635 594 3721 quodnam
612 3635 738 3721 gratiae
754 3657 859 3722 genus
876 3635 982 3720 primo
999 3635 1125 3700 bomini
1141 3636 1173 3698 in
1191 3643 1281 3699 statu
1296 3634 1398 3698 inno·

187 3740 315 3806 centiae
339 3739 476 3803 condito
501 3760 698 3803 concessum
727 3739 836 3815 fuerit,
866 3749 904 3803 ut
932 3740 1018 3804 bene
1048 3747 1162 3826 ageret
1191 3748 1224 3802 et
1253 3738 1286 3801 in
1313 3738 1396 3802 bene

186 3843 317 3930 agendo
333 3842 586 3928 perseveraret?
630 3841 746 3906 Utrum
764 3842 923 3906 auxilium
938 3843 1063 3929 gratiae
1080 3841 1287 3916 sufficientis,
1311 3861 1397 3928 quae

186 3948 245 4012 dat
260 3947 390 4032 plenam
409 3956 442 4010 et
457 3944 638 4031 perfectam
656 3945 700 4009 ad
716 3946 801 4009 bene
817 3945 979 4032 agendum
997 3946 1190 4030 potentiam,
1214 3965 1256 4006 an
1272 3944 1396 4030 gratiae

187 4049 341 4125 efficacis,
366 4070 452 4135 quae
475 4057 566 4112 certo
591 4057 624 4112 et
646 4047 866 4112 infallibiliter
886 4050 993 4133 ipsum
1012 4048 1107 4124 velle,
1132 4046 1297 4133 perficere,
1321 4067 1395 4133 per-

185 4175 339 4219 severare
355 4151 434 4215 dat?
479 4151 629 4216 Ecclesia
651 4151 760 4224 docet,
787 4151 877 4216 Adae
900 4174 987 4237 opus
1010 4151 1116 4216 fuisse
1139 4151 1277 4238 gratiam
1302 4149 1394 4216 suffi-

187 4259 336 4331 cientem,
360 4277 420 4340 per
443 4276 554 4342 quam,
579 4257 607 4320 si
630 4255 805 4336 voluisset,
828 4255 996 4340 potuisset
1011 4255 1045 4318 in
1060 4255 1152 4319 bono
1169 4273 1391 4339 perseverare,

186 4464 386 4474 -—--·—-.

257 4577 280 4649 ¹)
299 4578 339 4632 De
351 4579 453 4652 l’eglise
465 4579 594 4651 gallicane
608 4597 656 4651 par
667 4580 692 4633 le
706 4579 800 4632 Comte
813 4579 845 4631 de
858 4578 981 4632 Malstre.
