3084 5056
723 334 764 400 27

138 551 234 608 rant:
258 541 302 617 „il
324 563 360 606 se
381 549 490 616 vante,
514 540 641 606 d'avoir
662 539 816 628 employd
836 540 868 606 la
889 537 964 625 plue
984 539 1109 626 grande
1125 537 1230 624 partie
1246 537 1287 602 de
1304 557 1344 602 sa

137 646 191 710 vie
211 643 230 709 a
250 644 312 710 lire
335 653 542 710 exactemeut
562 645 594 708 le
615 643 687 708 seul
709 644 796 708 saint
816 641 990 729 Augustin,
1013 649 1045 707 et
1060 639 1080 708 a
1095 647 1248 728 penetrer
1263 647 1344 706 tous

135 747 188 813 les
203 757 329 812 secrete
345 748 386 813 de
403 770 439 812 sa
455 747 606 812 doctrine
619 746 678 824 ¹).“

202 849 268 914 Sex
298 850 473 916 doctorum
495 849 665 916 facultatis
688 849 898 934 theologicae
926 847 1117 934 parisiensis
1143 847 1344 933 approbatio

136 975 268 1018 annexa
294 954 523 1040 „Augustino“
549 953 636 1018 libro
652 953 782 1040 legitur.
812 991 853 1002 -
883 952 1017 1017 Praeter
1033 950 1294 1036 „Augustinum“
1312 956 1346 1014 et

136 1057 301 1132 „Mortem
329 1056 512 1122 Gallicum“
539 1056 717 1122 Jausenius
743 1056 877 1144 scripsit
900 1064 933 1120 et
955 1055 1041 1120 alios
1063 1054 1179 1129 libros,
1203 1072 1344 1140 quorum

135 1159 225 1226 tituli
255 1174 348 1226 sunt:
373 1159 489 1224 Oratio
521 1158 563 1224 de
592 1159 759 1226 interioris
788 1159 932 1224 hominis
958 1157 1221 1232 Reformatione;
1253 1154 1345 1231 1627,

134 1262 263 1328 traduit
284 1285 324 1326 en
345 1261 487 1342 franceis
509 1284 569 1347 par
584 1262 731 1326 Arnauld
746 1261 928 1348 d’Andilly3
951 1259 1262 1346 Alexipharmacum
1282 1279 1344 1345 pro

135 1366 268 1432 civibus
290 1363 395 1429 silvae
417 1365 632 1441 ducensibus,
656 1365 817 1430 adversus
838 1365 1062 1430 ministrorum
1085 1384 1220 1428 suorum
1243 1360 1344 1428 fasci-

135 1489 225 1543 num,
249 1467 319 1532 sive
344 1468 532 1554 Responsio
556 1468 667 1532 brevis
691 1467 733 1532 ad
753 1467 900 1532 libellum
923 1489 1036 1532 eorum
1059 1464 1345 1552 provocatoriam,

135 1569 400 1652 Louvain16303
418 1572 567 1657 Spongia
582 1581 747 1648 notarum,
763 1572 886 1658 quibus
901 1569 1210 1656 Alexipbarmacum
1228 1589 1344 1654 asper·

136 1676 181 1739 sit
203 1673 380 1738 Gisbertus
405 1672 558 1749 Voetins,
582 1674 734 1738 Louvain
760 1675 855 1756 1631,
879 1672 1135 1749 Tetrateuchus,
1159 1671 1230 1736 sive
1253 1692 1344 1736 com·

136 1777 317 1842 mentarius
339 1777 374 1842 in
404 1789 549 1863 quatuor
570 1776 763 1864 Evangelia,
787 1777 937 1842 Louvain
963 1777 1043 1842 1639
1051 1799 1059 1851 ;
1083 1773 1345 1850 Pentateuchus,

137 1879 209 1944 sive
232 1879 487 1944 commentarius
510 1881 543 1944 in
560 1881 708 1967 quinque
728 1879 834 1944 libros
851 1880 991 1966 Moysis,
1013 1877 1278 1966 Louvain16413
1303 1876 1345 1942 ad

138 1983 235 2067 cujus
260 1982 334 2050 libri
361 1982 491 2048 initium
517 1983 718 2069 approbatio
744 1983 892 2048 doctoris
916 1982 1154 2058 Beauharnois,
1182 1981 1281 2046 unius
1305 2003 1346 2044 ex

139 2085 293 2152 illissex
322 2085 572 2172 professoribus
606 2087 810 2160 sorboniciS,
841 2087 898 2172 qui
933 2086 1195 2173 „Augustinum‘·
1225 2083 1344 2150 librum

138 2189 383 2275 approbatione
406 2189 585 2255 munivisse
608 2189 770 2266 feruntur,
795 2189 857 2254 sub
880 2189 1011 2254 nomine
1033 2189 1201 2254 Censurae
1217 2187 1343 2252 Acade-

137 2291 222 2356 miae
239 2291 434 2356 Parisiensis
451 2291 680 2358 fraudulenter
696 2292 857 2357 translata
873 2301 933 2366 est,
956 2281 1223 2378 quasi'universa
1237 2289 1343 2355 facul-

137 2409 191 2459 tas
212 2394 393 2459 sorbonica
414 2395 535 2460 librum
556 2396 818 2484 „Augustinum“
843 2395 1101 2482 approbavisset
1111 2395 1159 2478 ἦς
1183 2394 1343 2460 Analecta

136 2498 171 2561 in
191 2497 383 2574 Proverbia,
409 2497 644 2573 Ecclesiasten‚
668 2499 880 2585 Sapientiam,
902 2498 1061 2564 Habacus
1078 2507 1110 2564 et
1127 2497 1343 2586 Sophoniam,

135 2601 289 2671 Louvain
308 2599 439 2682 1644³).

704 2770 731 2840 a.
750 2770 778 2824 a.

223 2871 360 2928 Docuina
371 2872 440 2927 libri
451 2873 619 2956 tanseniari
632 2873 746 2945 Romae,
758 2874 789 2929 iu
802 2871 914 2943 Belgio,
927 2871 957 2926 iu
969 2871 1073 2928 (talliis
1085 2872 1255 2940 proscripta.

203 3009 292 3076 Dum
309 3031 395 3097 opus
409 3011 647 3076 danseniticum
665 3011 805 3076 liovanii
822 3011 935 3097 praelo
952 3011 1097 3088 suberat,
1120 3011 1277 3088 Jesuitae,
1301 3035 1341 3076 eo

138 3115 231 3202 quod
249 3114 377 3180 Calvini
393 3137 521 3179 errores
537 3117 572 3179 in
587 3117 653 3180 isto
676 3114 861 3201 praedicari
883 3113 1141 3192 contendebant,
1163 3115 1342 3201 prohibere

139 3218 261 3294 conati,
279 3211 457 3303 quominus
474 3217 631 3304 prodiret,
649 3219 705 3283 ubi
721 3218 828 3282 lucem
844 3217 1008 3304 adspexit,
1030 3217 1126 3282 locos
1143 3219 1343 3283 sententias·

140 3341 205 3406 que
228 3342 269 3384 ex
291 3341 332 3385 eo
356 3332 594 3406 excerpserunt
616 3332 653 3386 ut
676 3343 817 3386 censura
839 3320 928 3385 facta
953 3321 1250 3407 proscriberentur.
1293 3321 1346 3385 lta

141 3424 259 3498 evenit,
275 3434 313 3487 ut
327 3423 413 3488 liber
425 3424 480 3488 vix
497 3424 616 3500 editus,
631 3426 696 3488 imo
714 3425 824 3489 adhuc
839 3424 873 3488 in
885 3425 999 3510 praelo
1012 3447 1160 3502 versans,
1176 3446 1196 3490 a
1209 3423 1343 3488 Summo

140 3525 300 3592 Pontifice
330 3525 550 3592 damnaretur.
596 3527 691 3592 Folia
721 3529 805 3593 enim
837 3530 957 3605 statim,
988 3552 1029 3594 ex
1058 3527 1163 3614 praeli
1193 3527 1345 3593 machina

139 3628 239 3694 modo
271 3628 431 3716 profecta,
462 3630 593 3718 singula
623 3632 760 3696 Romam
784 3631 1001 3696 examinanda
1024 3632 1124 3696 missa
1147 3639 1234 3696 sunt.
1280 3629 1344 3711 Qui
1456 3668 1458 3677 ,

140 3731 259 3796 edendi
275 3734 386 3818 operis
403 3755 515 3798 curam
530 3743 758 3819 susceperant,
780 3733 991 3800 Fromoudus
1007 3745 1041 3800 et
1056 3735 1208 3810 Calenus,
1225 3733 1343 3800 docto-

137 3857 191 3900 res
225 3834 469 3912 Lovanienses,
507 3835 679 3902 doctrinae
715 3837 946 3903 defendendae
976 3859 1113 3926 quoque
1144 3859 1277 3902 munere
1307 3861 1343 3902 se

124 3939 400 4029 obstrinxerunt,
423 3939 533 4004 missis
548 3939 591 4006 ad
607 3940 731 4026 Papam
747 3941 976 4026 compluribus
993 3941 1136 4026 scriptis.
1182 3939 1342 4006 Examina

209 4227 229 4296 ¹)
248 4225 386 4280 Traditiou
407 4229 441 4282 de
459 4229 559 4298 l'eglise
578 4227 728 4297 catholique
748 4237 774 4281 et
792 4229 823 4282 de
850 4230 875 4282 la
900 4229 991 4284 fausse
1016 4229 1098 4301 eglise
1123 4229 1170 4282 des
1194 4229 1345 4301 heretiques
1413 4291 1415 4296 ⁸

137 4313 172 4366 du
197 4313 302 4367 dernier
327 4315 421 4368 siecle:
452 4333 498 4368 sur
522 4315 548 4366 la
572 4315 691 4368 doctrine
717 4315 750 4368 de
774 4315 926 4382 dansenius,
951 4319 1076 4370 touchant
1099 4317 1123 4370 le
1145 4315 1223 4370 Libre
1248 4317 1345 4370 arbitre
1400 4349 1406 4371 t

137 4408 164 4452 et
186 4399 212 4452 la
238 4400 333 4453 Graue.
369 4400 423 4454 Par
447 4402 471 4454 le
495 4401 526 4454 P.
550 4401 678 4454 Estienne
704 4401 876 4474 chhamps,
901 4404 934 4457 de
958 4404 982 4456 la
1008 4401 1171 4474 Compagnie
1195 4403 1227 4458 de
1251 4403 1341 4457 lesus.

136 4487 162 4538 A
180 4486 258 4539 Paris
274 4487 540 4541 MDGLXXXVllI.

203 4575 229 4642 2)
247 4573 392 4644 Tourncly,
402 4574 417 4627 l.
425 4594 447 4626 c.
486 4575 510 4645 ³)
520 4573 546 4626 N
549 4574 651 4627 ouvelle
661 4574 821 4647 Biographie
826 4577 958 4647 generale,
969 4585 1039 4630 tome
1047 4576 1243 4648 vingt-sixi'eme
1249 4597 1275 4652 p.
1282 4580 1341 4636 351.
