3050 5046
762 313 821 378 140

689 405 889 415 -ῌ--ι-

189 515 307 582 delect
284 523 331 581 tio
358 525 476 582 exstat.
455 517 588 582 tAnt
613 525 674 593 est,
724 519 792 583 tsi
819 519 920 583 homo
943 517 1168 587 indifferenter
1189 545 1297 610 neque
1320 523 1395 588 ullo

188 630 280 685 motu
305 621 391 707 agita
395 629 449 684 tus
476 621 637 706 procedit,
665 621 778 685 autin
805 623 859 686 via
884 622 1054 688 haesitans
1081 634 1157 700 stat,
1188 649 1228 690 cx
1250 635 1395 714 utraque

187 723 301 788 lateris
325 732 419 809 parte
442 724 743 789 concomitantibus
767 733 800 788 et
818 725 1072 792 lacessentibus.
1116 728 1270 794 Titillant
1291 731 1395 794 comi·

188 835 250 903 tes,
281 827 432 899 suadent,
463 835 666 905 concertant,
697 827 842 904 trabunt,
869 827 1014 916 denique
1041 830 1161 894 fortior
1189 830 1221 894 vi
1253 831 1396 918 physica

190 929 342 994 adhibita
375 929 596 998 ambulantem
626 931 883 1012 ineluctabiliter
913 933 1061 1008 deducit,
1098 935 1155 1019 qni
1190 935 1393 1011 necessarie,

189 1043 334 1098 attamen
360 1033 464 1098 libere
492 1035 652 1119 sequitur.
698 1033 733 1097 Si
755 1035 824 1112 vis,
852 1035 936 1100 alter
958 1035 1107 1120 angelus
1132 1036 1216 1101 alter
1237 1037 1393 1102 diabolus

189 1137 418 1222 praesumitur.
470 1136 638 1202 Voluntas
659 1136 805 1202 bumana
828 1137 938 1203 otiosa
961 1147 993 1204 ct
1014 1139 1269 1204 indeterminata
1285 1141 1395 1227 J'acet:

189 1239 328 1326 angelus
351 1239 507 1304 mandata
529 1240 641 1304 divina
663 1261 867 1325 proponens,
892 1242 1049 1306 diabolus
1071 1243 1163 1328 leges
1192 1243 1395 1308 libidinosas

188 1342 380 1428 praeferens
397 1341 546 1407 adstant:
568 1343 732 1408 excitatur
746 1343 912 1415 voluntas,
930 1345 1145 1430 protrahitur,
1162 1346 1334 1433 abripitur,
1352 1349 1394 1412 ab

189 1467 239 1522 eo,
267 1445 424 1531 quiante
451 1447 587 1509 suavius
610 1446 795 1523 blandiens,
820 1446 938 1512 deinde
961 1450 1116 1535 majorem
1141 1451 1204 1513 vim
1229 1450 1395 1515 adhibens

190 1549 333 1612 animum
363 1548 599 1614 invincibiliter
624 1571 737 1613 secum
761 1550 869 1629 ducit,
896 1560 929 1614 et
954 1551 987 1614 in
1015 1573 1108 1616 suam
1131 1563 1257 1638 partem
1281 1553 1395 1618 flectit.

187 1650 380 1716 Janseniani
402 1652 467 1738 ipsi
489 1652 614 1729 dicunt,
637 1654 867 1718 attractionem
889 1654 1080 1718 mechanica
1101 1657 1196 1740 quasi
1218 1656 1291 1743 lege
1313 1656 1393 1730 fieri,

187 1763 226 1819 ut
247 1755 275 1818 si
296 1754 330 1817 in
351 1755 482 1820 bilance
511 1756 579 1820 duo
607 1755 759 1842 pondera
788 1757 1012 1842 inaequabilia
1041 1767 1224 1842 ponantur,
1255 1759 1394 1823 alterum

190 1857 334 1944 gravius,
362 1857 500 1922 alterum
523 1857 647 1923 levius:
671 1860 777 1946 majus
804 1859 996 1924 necessario
1023 1862 1132 1925 minus
1155 1862 1292 1926 vincens
1317 1885 1395 1948 pro·

189 1959 301 2035 trahit,
329 1959 460 2025 bilance
487 1962 620 2048 gravius
647 1961 781 2047 pondus
809 1971 970 2049 sequente
994 1985 1101 2049 eoque
1128 1974 1294 2052 vergente,
1324 1988 1394 2052 quo

188 2063 255 2127 hoc
283 2063 477 2128 declinatur.
532 2063 649 2151 ltaque
679 2087 791 2130 eorum
823 2067 971 2131 ellat:um
1003 2066 1130 2146 „Quod
1159 2067 1300 2152 amplius
1329 2091 1395 2132 nos

190 2166 350 2240 delectat,
381 2166 561 2231 secundum
590 2167 626 2231 id
656 2189 832 2252 operemur
859 2191 998 2234 necesse
1027 2179 1104 2238 est‘
1108 2169 1339 2234 ‘Cicero
1323 2194 1395 2256 Jam

189 2270 304 2334 eodem
334 2269 403 2334 fere
433 2271 533 2334 modo
564 2270 727 2335 edixerat.
755 2270 821 2350 „Ut
846 2294 983 2336 necesse
1014 2281 1073 2348 est,
1103 2273 1263 2340 lancem
1255 2296 1287 2337 ιιι
1311 2273 1397 2338 libra

189 2371 393 2458 ponderibus
415 2373 580 2458 impositis
597 2373 750 2457 deprimi:
774 2375 822 2438 sic
838 2375 980 2438 animum
1002 2376 1190 2461 perspicuis
1207 2376 1395 2460 cedere¹).“

188 2475 296 2539 Antea
312 2497 391 2539 vero
402 2477 473 2562 J'arn
487 2476 684 2540 Aristoteles
699 2475 847 2541 Jausenii
861 2477 1044 2542 doctrinam
1058 2478 1098 2542 de
1111 2479 1236 2566 duplici
1250 2479 1395 2545 delecta·

187 2580 278 2643 tione
292 2579 518 2643 necessitante
533 2601 595 2643 suo
612 2579 711 2643 modo
728 2580 1034 2666 exaggeraveraffl).

251 2681 452 2748 Necessario
475 2681 613 2760 alterius
630 2682 863 2748 delectationis
879 2706 910 2746 vi
903 2683 1046 2746 volunt
1033 2691 1084 2746 tas
1100 2684 1243 2748 humana
1259 2685 1393 2773 regitur,

189 2784 236 2849 alt
222 2785 325 2850 terius
341 2786 463 2850 virtute
485 2785 609 2850 frustra
624 2794 842 2872 repugnante.
886 2785 938 2850 Ex
960 2786 1151 2852 mechanica
1167 2787 1240 2876 lege
1257 2811 1393 2854 concer-

188 2895 287 2953 t.atur
346 2887 449 2974 Cujus
478 2889 631 2974 potentia
661 2891 766 2974 maJ'or
795 2897 861 2962 cst,
892 2899 1028 2974 superat
1057 2913 1111 2967 ea3
1141 2892 1246 2956 vincit
1275 2891 1394 2956 exinde

187 2990 454 3066 ineluctabiliter,
493 3012 596 3076 quare
631 2991 808 3056 delectatio
844 2992 890 3054 ita
925 2991 1043 3056 volens
1080 2993 1201 3057 dicitur
1230 2995 1393 3062 victrix.

187 3095 226 3159 In
255 3094 400 3170 homine,
430 3093 605 3158 voluntate
637 3115 698 3178 per
726 3103 898 3178 peccatum
930 3095 1027 3159 valde
1051 3096 1219 3180 depressa,
1248 3097 1394 3162 delecta·

91 3193 100 3212 '
188 3198 235 3262 tio
267 3197 423 3264 coelestis
452 3206 485 3261 et
515 3196 693 3261 delectatio
716 3195 898 3260 libidinosa
920 3197 1109 3263 habitantes
1132 3201 1219 3264 inter
1241 3223 1277 3264 se
1300 3201 1394 3265 dimi-

189 3309 274 3365 cant.
340 3300 443 3386 Cujus
480 3300 567 3364 vires
601 3299 774 3363 inferiores
813 3310 907 3380 sunt,
942 3323 981 3365 ea
1010 3302 1191 3390 majoribus
1221 3303 1393 3388 abripitur.

188 3403 307 3490 Neque
343 3403 414 3467 ullo
452 3403 552 3467 modo
590 3402 659 3466 lieri
695 3411 825 3487 potest,
862 3414 900 3467 ut
935 3404 1043 3470 minor
1079 3407 1234 3492 majorem
1272 3408 1394 3471 vincat.

187 3506 269 3572 ldeo
306 3505 537 3571 delectationis
572 3505 624 3570 vis
646 3505 823 3570 relativa
859 3522 923 3580 est,
952 3519 1107 3593 respectu
1137 3509 1252 3573 virium
1277 3517 1396 3573 contra

189 3610 437 3695 oppositarum,
475 3631 561 3694 quae
603 3608 768 3673 relucttan
769 3631 824 3685 ur;
862 3631 931 3674 non
974 3632 1033 3695 per
1069 3634 1105 3675 se
1142 3612 1246 3675 solam
1289 3611 1396 3675 altera

188 3713 332 3800 spectari
361 3721 491 3797 potest,
464 3711 590 3776 tsed
619 3733 749 3798 semper
778 3712 872 3776 alteri
902 3714 1043 3800 objecta
1089 3713 1183 3794 Quae
1215 3713 1394 3779 delectatio

190 3815 320 3890 exinde,
357 3814 431 3901 lege
460 3814 603 3878 naturali
632 3815 702 3878 sive
725 3815 767 3878 ad
790 3817 915 3880 bouum
938 3817 1008 3880 sive
1032 3818 1074 3882 ad
1098 3817 1216 3881 malum
1245 3817 1395 3894 flectens,

189 3919 384 4004 superior
406 3916 536 3993 dicitur,
564 3918 615 3982 cui
638 3917 797 3982 voluntas
821 3918 1035 4005 obsequatur,
1064 3930 1239 4006 propterea
1255 3921 1348 4006 quod
1366 3921 1395 3984 ei

188 4022 294 4109 major
306 4021 357 4085 vis
372 4021 468 4096 inest,
485 4041 582 4106 quam
596 4020 811 4085 delectationi
828 4044 869 4086 ex
881 4024 1041 4108 opposito
1055 4023 1215 4100 trahenti3
1237 4025 1395 4088 victrix

188 4134 248 4200 est,
273 4124 398 4210 quippe
420 4144 507 4208 quac
528 4122 762 4188 invincibiliter
783 4124 968 4189 voluntatis
989 4147 1190 4190 consensum
1206 4127 1270 4190 sibi
1285 4125 1394 4192 vindi·

188 4229 322 4303 caverit,
347 4225 406 4290 sed
428 4225 547 4290 victrix
568 4226 603 4289 in
623 4225 942 4292 tarsacii-doctrina
962 4249 1031 4292 non
1047 4229 1112 4293 alio
1129 4227 1228 4293 modo
1246 4237 1306 4303 est,
1330 4230 1393 4294 nisi

187 4461 388 4472 ..-..-—--—

258 4575 281 4646 1)
299 4573 409 4638 Bittner,
423 4573 573 4648 Theologia
585 4579 705 4634 moralis:
725 4586 828 4650 quaest.
841 4579 924 4633 Acad.
938 4580 981 4633 lib.
996 4580 1038 4645 11,
1054 4584 1092 4636 12.
1128 4581 1152 4650 2)
1171 4581 1226 4634 Lib.
1240 4585 1263 4638 3.
1276 4581 1371 4635 moral.
