3084 5056
701 367 739 450 n

178 585 248 652 Jam
272 608 352 653 vero
374 586 414 652 de
436 587 584 652 Ja-nsenii
607 589 728 666 animo,
751 588 894 676 iugenio,
917 590 1066 654 moribus
1089 598 1122 655 et
1138 587 1322 655 eruditione

113 690 197 778 quid
213 690 445 769 disserendum
462 691 514 764 sit,
537 713 685 780 magnam
702 700 828 777 partem
846 713 887 756 ex
909 692 965 770 iis,
989 714 1075 780 quae
1091 693 1190 758 modo
1206 701 1322 778 protu-

112 796 223 872 limus,
246 795 316 860 erui
337 801 475 880 potants
490 794 746 880 complebuntur
762 795 880 872 omnia,
905 795 931 860 si
948 795 1132 881 adjicimus,
1156 796 1323 882 ingenium

112 899 143 962 ei
160 896 265 963 fuisse
281 899 483 974 acerrimum,
500 895 661 983 judicium
678 899 916 985 gravissimum,
940 899 1128 964 memoriam
1145 899 1324 984 capacissi-

112 1023 210 1078 mam,
231 1000 431 1088 diligentiam
454 1019 625 1064 summam:
667 1000 827 1077 „Subtilis
850 1001 1005 1066 cholerae
1028 1002 1179 1066 nonnihil
1197 1002 1324 1078 habuit,

113 1126 216 1190 quam
232 1103 415 1168 flammulae
431 1102 612 1188 salpetrae,
635 1103 745 1190 lepide
767 1125 958 1190 comparare
980 1103 1126 1176 solebat,
1149 1127 1235 1194 quae
1253 1126 1322 1168 mo-

112 1215 228 1271 mento
244 1206 441 1283 incenditur,
457 1214 490 1270 et
504 1215 671 1272 momento
687 1208 720 1271 in
737 1206 873 1272 nihilum
888 1207 1090 1296 dispergitur
1101 1211 1160 1288 ¹).“
1193 1207 1324 1272 Volun-

114 1319 185 1374 tate
203 1309 396 1374 immutabili
421 1318 453 1373 et
472 1309 640 1385 immobili,
664 1309 698 1374 id
714 1311 805 1398 quod
823 1310 885 1374 sibi
908 1310 1010 1375 semel
1026 1311 1217 1396 proposuit,
1242 1332 1322 1376 con·

113 1419 246 1478 stanter
268 1412 406 1498 perfecit
429 1434 467 1476 ao
491 1412 671 1498 perfinivit,
698 1424 798 1500 atque
823 1414 933 1478 omnia
955 1413 1188 1499 impedimenta
1212 1414 1324 1478 obsta·

115 1515 262 1602 culaque
284 1538 520 1603 supergressus
543 1515 583 1580 ad
608 1517 730 1580 exitum
751 1539 818 1582 rem
839 1515 1022 1602 prudenter
1037 1516 1233 1580 destinatam
1251 1538 1325 1601 per·

116 1618 222 1686 duxit.
268 1617 306 1682 In
321 1618 421 1683 rebus
439 1618 539 1683 semel
556 1618 738 1703 prudenter
754 1619 920 1684 distinatis
936 1620 1174 1703 magnanimus,
1191 1640 1277 1697 acer,
1294 1626 1328 1683 et

116 1722 257 1796 instans,
287 1743 348 1807 per
371 1722 481 1786 omnia
502 1721 745 1806 impedimenta,
770 1733 802 1786 et
825 1721 992 1786 obstantia
1016 1721 1057 1784 ad
1082 1722 1204 1786 exitum
1228 1721 1326 1786 facile

117 1825 388 1910 penetrabat¹l.“
433 1825 596 1888 Immenso
614 1825 763 1890 veritatis
780 1846 891 1890 amore
907 1824 1062 1909 perfusus
1079 1825 1111 1888 in
1129 1825 1215 1889 hanc
1231 1825 1325 1890 inda-

117 1928 262 2015 gandam
286 1936 449 2014 perpetuo
471 1927 632 2004 incubuit,
656 1927 796 1992 maximo
820 1928 1004 1992 studiorum
1030 1927 1148 1993 ardore
1165 1950 1326 1994 accensus

117 2033 159 2096 iis
175 2040 283 2097 totum
301 2054 336 2096 se
353 2032 519 2108 immersit,
543 2031 612 2095 dies
629 2041 815 2117 noctesque
836 2030 1008 2096 laboribus
1024 2031 1165 2097 literatis
1182 2053 1325 2118 occupa·

118 2145 183 2200 tus.
231 2135 422 2221 Aliquando
448 2156 465 2198 a
490 2133 596 2198 sodali
622 2133 766 2219 quodam
789 2133 1025 2220 interrogatus,
1049 2135 1140 2220 quod
1165 2136 1215 2200 dei
1233 2137 1325 2200 attri-

119 2238 233 2304 butum
250 2240 380 2302 maximi
398 2239 594 2314 aestimaret,
619 2236 787 2324 quodnam
804 2258 928 2301 summe
945 2248 1166 2316 veneraretur,
1186 2261 1325 2324 respon-

120 2339 209 2406 disse
236 2341 387 2417 traditur,
411 2342 636 2418 veritatem,
660 2350 759 2427 atque
782 2341 815 2404 in
836 2339 936 2404 horto
958 2341 1191 2427 perambulans
1215 2344 1324 2406 autin

119 2443 275 2508 solitariis
302 2444 572 2509 meditationibus
603 2465 739 2508 versans
770 2465 881 2529 saepe,
911 2443 1017 2509 oculis
1048 2466 1165 2509 versus
1196 2445 1324 2510 coelum

119 2547 259 2612 sublatis
276 2547 409 2612 auditus
425 2570 499 2612 esse
516 2547 716 2612 exclamare:
740 2568 769 2623 o,
783 2549 905 2611 veritas
919 2546 961 2626 ¹)!
984 2547 1028 2611 Et
1043 2549 1076 2611 in
1093 2550 1324 2635 „Augustino“

118 2651 215 2728 libro,
232 2673 328 2736 quem
346 2651 544 2736 composuit,
561 2673 597 2714 se
613 2651 818 2714 asseveravit
834 2651 983 2714 veritatis
1000 2633 1183 2716 ddctrinam
1201 2651 1324 2735 tamdiu

120 2755 266 2841 ignotam
291 2754 498 2840 quaesivisse
520 2763 552 2818 et
574 2753 782 2838 produxisse,
804 2763 977 2840 totumque
994 2775 1029 2816 se
1044 2754 1076 2816 in
1094 2776 1133 2817 eo
1150 2751 1264 2827 fuisse,
1288 2763 1326 2818 ut

119 2865 241 2921 rectam
257 2854 353 2920 fidem
370 2856 515 2924 doceret.
561 2857 660 2922 Esto!
686 2855 773 2935 Quid
797 2856 837 2920 de
854 2879 893 2919 eo
910 2856 1120 2920 sentiendum
1136 2858 1187 2932 sit,
1205 2859 1324 2943 cuique

122 2960 339 3044 permittimus
363 2959 528 3046 colligere.
573 2960 724 3025 Ecclesia
742 2959 916 3044 judicavit,
941 2960 1110 3023 veritatem
1136 2959 1267 3044 quidem
1291 2960 1323 3022 in

121 3063 350 3147 ‚,Augustiuo“
374 3063 459 3128 libro
477 3085 585 3150 noque
600 3075 761 3148 repertam
779 3084 886 3147 neque
903 3061 1054 3126 traditam
1072 3084 1155 3127 esse.
1201 3061 1324 3141 Quam·

122 3187 219 3252 quam
242 3166 370 3230 auctori
392 3167 497 3230 Roma
519 3165 736 3252 perlongum
759 3165 918 3249 temporis
934 3165 1074 3249 spatium
1092 3165 1216 3229 sevisse
1233 3165 1323 3230 vide·

121 3277 181 3334 tur.
228 3267 319 3333 Haec
346 3269 430 3333 enim
457 3269 498 3334 de
525 3290 564 3332 eo
592 3267 806 3332 exhibentur:
837 3267 1014 3352 „Magnam
1039 3268 1128 3352 apud
1154 3267 1324 3332 Romanos

124 3370 213 3434 initio
235 3370 353 3436 famam
374 3371 533 3436 dansenio
557 3371 754 3436 conciliasse
771 3371 894 3435 nobilia
912 3371 983 3457 ejus
999 3393 1060 3456 pro
1077 3371 1141 3435 fide
1157 3371 1324 3436 catholica

127 3472 283 3539 adversus
309 3475 496 3539 haereticos
525 3476 718 3540 certamina:
749 3475 832 3539 adeo
860 3483 896 3538 ut
919 3474 1066 3559 iprensis
1096 3473 1325 3560 Episcopatus

132 3573 245 3640 Bullae
279 3579 383 3664 gratis
412 3580 475 3664 ipsi
513 3581 654 3644 omnium
693 3599 858 3643 consensu
890 3576 1112 3642 Cardinalium
1144 3599 1325 3642 concessae

128 3678 201 3744 sint.
246 3681 311 3746 Sed
338 3681 438 3748 Liber
467 3681 572 3769 ipsius
599 3682 799 3767 posthumus
821 3683 853 3745 iu
877 3703 1009 3767 gravem
1032 3679 1197 3747 invidiam=
1212 3683 1326 3747 vocari

127 3781 303 3868 coepit²l.“

187 3885 351 3975 Denique,
368 3889 396 3953 si
412 3889 487 3978 quis
503 3889 584 3968 vult,
607 3888 802 3975 probitatem
826 3907 962 3972 quoque
977 3885 1131 3974 dansenii
1146 3884 1277 3950 dubiam
1295 3892 1328 3949 et

23 4059 25 4080 ,
124 4001 309 4076 suspectam
331 3992 479 4068 habebit,
503 3992 752 4079 perpendendo,
774 4013 847 4055 eum
868 3990 1018 4075 pecuniis
1041 3999 1141 4076 atque
1163 3987 1325 4054 reditibus

23 4127 25 4198 p
125 4093 261 4180 Collegii
284 4095 318 4164 S.
339 4094 544 4174 Pulcheriae,
569 4097 621 4160 cui
642 4103 752 4160 rector
772 4094 984 4180 praepositus
1000 4101 1079 4170 erat,
1102 4114 1164 4178 pro
1180 4091 1276 4157 libitu
1293 4101 1326 4155 et

126 4303 257 4314 -ι-ουωιοι-ιι
264 4303 321 4314 Μ

194 4439 218 4515 ¹)
237 4439 341 4499 Auctor
359 4453 511 4515 synopseos
536 4435 616 4508 vitae,
640 4453 708 4510 quae
732 4433 850 4512 praelixa
872 4444 914 4491 est
931 4433 1003 4491 initio
1021 4435 1078 4492 libri
1091 4433 1242 4508 Augustini,
1254 4430 1324 4507 apud

129 4528 302 4586 mmm.

189 4587 916 4690 Qfflmmmmfflfflmffifflmfflm
1108 4697 1123 4749 2
