3050 5046
771 329 832 395 106

701 417 904 430 --ι-

192 524 360 610 doctrina,
389 529 589 596 aSuarezio
614 539 647 598 et
669 531 861 620 Vasquezio
887 540 1010 621 postea
1035 536 1206 610 instituta,
1229 535 1340 622 gratia
1366 558 1407 601 ex

191 651 253 696 sua
272 633 411 718 propria
431 633 641 712 sufficieutia,
664 637 698 700 vi
714 643 747 701 et
762 637 884 702 virtute
900 637 1079 705 efficaciter
1094 649 1262 725 operatur,
1288 649 1407 705 natura

190 741 224 800 et
253 735 447 802 conditione
476 739 667 824 recipientis
697 749 857 826 spectata.
903 739 997 820 Quae
1023 743 1131 828 gratia
1160 753 1310 827 'congrua
1344 753 1405 818 est,

190 860 322 926 semper
343 839 462 906 efficax
483 849 549 916 est,
575 864 661 928 quae
682 864 751 907 non
774 865 939 930 congrua,
962 844 1107 910 hominis
1124 843 1405 932 dispositionibus

189 961 261 1021 non
273 944 494 1030 respondens,
518 945 592 1010 sola
607 944 779 1010 sufficiens
796 955 856 1011 est.
882 945 986 1012 Juxta
1002 949 1188 1016 doctricem
1204 947 1238 1014 S.
1254 948 1405 1014 Thomna

188 1047 294 1134 gratia
309 1046 384 1133 ipsa
395 1047 601 1114 voluntatem
618 1050 855 1115 assentientem
872 1051 992 1129 reddit,
1007 1051 1148 1116 liberum
1164 1051 1267 1117 efficit
1279 1052 1405 1118 arbitrii

189 1169 399 1227 consensum,
423 1173 526 1216 causa
547 1153 620 1239 ejus
641 1162 694 1218 est
714 1153 855 1240 physice
874 1176 1096 1242 praemovens
1112 1177 1152 1220 ac
1166 1155 1404 1242 praedetermi-

138 1269 141 1274 ·
187 1271 282 1320 nens.
328 1252 464 1330 Omnes,
488 1256 547 1342 qui
569 1255 622 1320 his
638 1257 947 1322 concertationibus
962 1259 1171 1346 pugnabant,
1195 1257 1228 1322 S.
1245 1258 1403 1346 Augusti-

187 1377 265 1421 num
288 1378 349 1443 pro
371 1379 434 1423 sua
454 1359 621 1424 sententia
645 1360 823 1445 probanda
844 1361 993 1426 citabant
1013 1370 1115 1449 atque
1137 1369 1308 1427 auctorem
1332 1361 1403 1426 lau·

187 1458 324 1526 dabant.
984 1527 988 1536 ,

202 1607 204 1614 ,
249 1563 287 1628 In
308 1564 427 1650 ceteris
441 1563 637 1641 Jansouius,
659 1585 796 1630 munere
819 1565 1012 1641 obstrictus,
1036 1574 1074 1631 ut
1093 1565 1202 1631 liessii
1224 1567 1403 1654 opiniones

180 1665 364 1732 refutando
391 1667 463 1754 Baji
489 1678 736 1756 propugnaret,
768 1668 802 1733 S.
824 1669 1001 1755 Augustini
1022 1669 1134 1749 verbis
1158 1691 1228 1734 rem
1251 1693 1345 1734 suam
1368 1694 1402 1736 se

185 1769 270 1836 tueri
286 1779 320 1836 et
335 1771 530 1835 confirmare
548 1770 782 1836 contendebat.
828 1771 943 1838 Rebus
964 1773 1011 1837 ita
1027 1794 1064 1836 se
1079 1772 1283 1838 habentibus
1300 1797 1400 1862 quum

184 1897 294 1938 novae
320 1874 492 1940 doetrinae
518 1875 821 1962 progrederentur,
852 1874 1050 1962 disciplinae
1071 1875 1300 1942 scholasticae
1320 1897 1401 1941 con·

182 1985 424 2052 temerentur,
461 1977 664 2044 Jesuitarurn
701 1985 820 2044 coetus
850 1978 1000 2044 infestati
1030 1979 1064 2042 iu
1096 1978 1209 2044 odium
1240 1983 1400 2055 venirent,

183 2081 433 2147 controversiae
454 2103 583 2146 summo
606 2081 727 2147 ardore
749 2089 851 2170 atque
872 2082 987 2148 studio
1004 2083 1299 2161 constituerentur,
1321 2082 1399 2148 len-

183 2185 295 2250 senius
317 2184 504 2250 doctrinam
524 2207 618 2250 suam
641 2193 815 2250 exstruere
837 2187 965 2272 eoepit,
991 2186 1045 2252 cui
1066 2185 1108 2249 ah
1125 2192 1263 2252 auctore
1280 2207 1400 2252 nomen

181 2287 381 2354 dansenismi
406 2287 574 2353 tribuitur.
634 2288 741 2354 Sicuti
765 2287 924 2354 Calvinus
950 2311 1035 2376 quas
1061 2289 1191 2354 invenit
1216 2291 1399 2356 sententies

181 2391 215 2456 in
237 2392 428 2478 systematis
455 2391 606 2456 ordinem
626 2391 817 2478 redegerat,
839 2391 887 2456 ita
907 2392 1101 2468 Jansenius,
1125 2393 1268 2480 quaein
1284 2400 1399 2458 nostra

181 2516 283 2560 causa
298 2494 417 2560 dissita
433 2503 466 2560 et
486 2494 650 2578 dissipata
662 2494 839 2582 jacebant,
863 2493 1026 2583 colligens
1045 2495 1197 2561 inunum
1214 2496 1399 2562 secundum

182 2608 290 2662 certas
310 2598 401 2685 leges
423 2597 616 2674 convolvit,
640 2597 782 2684 disjecta
802 2597 939 2662 nembra
958 2598 992 2662 in
1009 2619 1134 2684 corpus
1149 2599 1399 2686 conjungendo.

130 2686 132 2690 ’
181 2699 283 2780 Quod
296 2701 448 2766 exhihuit
459 2703 494 2765 in
507 2700 607 2776 lihro,
620 2701 674 2764 cui
686 2700 818 2765 titulum
831 2701 1004 2790 inscripsit
1014 2703 1276 2788 „Augustinus,“
1289 2725 1397 2768 veram

181 2812 215 2869 et
239 2804 415 2891 genuinam
442 2803 475 2870 S.
493 2805 601 2870 Petris
629 2803 817 2868 doctrinam
844 2805 972 2879 adhuc,
1002 2814 1039 2871 ut
1055 2813 1221 2882 autumat,
1249 2804 1396 2871 nondum

180 2917 271 2974 recte
291 2907 493 2973 intellectam
515 2919 618 2996 atque
641 2915 866 2994 perspectam,
889 2930 910 2972 a
930 2907 1058 2974 scholis
1073 2909 1158 2974 male
1173 2917 1349 2976 tractatam
1365 2910 1397 2975 in

180 3011 286 3078 lucem
303 3011 453 3098 proferre
469 3033 505 3076 se
521 3010 758 3098 praetendens.

770 3334 778 3353 .
795 3296 842 3352 10.

205 3404 258 3466 ,Λᾶ
273 3418 333 3461 ram
348 3404 477 3459 nostran
490 3401 696 3459 enucleandam
706 3297 777 3469 opds
789 3398 917 3470 ridetur,
937 3397 971 3453 de
983 3398 1162 3468 opinionibus
1176 3400 1363 3457 scholasticis

596 3505 810 3574 ahquentulum
827 3502 980 3558 disserere.

243 3645 366 3712 Fusius
397 3644 601 3732 paullulum,
639 3645 673 3708 in
711 3651 872 3729 quantum
903 3641 946 3706 ad
975 3662 1042 3705 rem
1072 3647 1222 3705 nostram
1255 3649 1396 3726 spectat,

181 3751 361 3838 praecipua
391 3749 501 3836 capita
533 3747 757 3812 scholasticae
787 3747 828 3811 de
852 3745 957 3833 gratia
984 3742 1163 3808 sufficienti
1202 3757 1236 3808 et
1271 3744 1397 3810 efficaci

182 3854 370 3932 doctrinae,
395 3873 482 3940 quae
504 3873 637 3916 causam
658 3849 893 3916 Jensenianam
920 3848 1156 3934 praeparabat,
1180 3848 1344 3932 attingere
1366 3856 1398 3913 et

182 3958 364 4022 observare
375 3955 510 4043 juverit.

245 4059 290 4126 Et
312 4059 445 4147 quidem
469 4057 614 4122 omnium
629 4053 865 4120 methodorum
880 4053 955 4117 finis
972 4060 1006 4118 et
1020 4073 1146 4138 scopos
1162 4050 1237 4133 fuit,
1261 4051 1397 4117 demon-

183 4163 321 4240 strandi,
345 4184 414 4250 quc
434 4161 564 4226 ratione
586 4159 692 4245 gratia
714 4157 828 4222 divina
843 4179 916 4222 cum
933 4155 1108 4220 voluntate
1124 4155 1268 4219 humana
1285 4165 1352 4221 stet
1366 4165 1398 4220 et

183 4276 403 4354 cooperetur,
426 4273 464 4330 ut
490 4263 643 4328 effectum
671 4263 832 4327 sortiatur
860 4281 957 4325 suum
973 4267 1007 4322 et
1020 4257 1117 4323 finem
1139 4267 1278 4344 propter
1300 4280 1398 4345 quem

182 4370 265 4436 data
281 4371 334 4446 sit,
357 4375 596 4453 consequatur.
628 4364 735 4431 Omne
751 4365 837 4428 enim
854 4385 941 4448 opus
957 4361 1103 4426 salutare
1120 4360 1285 4426 hominem
1296 4362 1396 4448 justi·

184 4475 288 4539 ficaus
308 4483 408 4560 etque
425 4469 637 4536 sanctificans
654 4470 768 4555 itaque
784 4466 827 4531 ad
843 4465 973 4530 coelum
989 4463 1241 4550 adipiscendum
1260 4485 1396 4550 praepa·

181 4598 259 4644 rans
275 4576 375 4662 juxta
396 4574 584 4642 doctrinam
600 4571 800 4638 catholicam
817 4591 858 4634 ex
873 4567 999 4654 duplici
1016 4567 1211 4653 operatione
1225 4567 1395 4656 provenit:
