3050 5046
664 273 866 374 *rer-

158 476 386 562 praecepisse,
414 475 503 542 falso
529 477 913 567 tribuitur-Augustino,
943 497 1017 544 cum
1040 477 1166 567 Pelagii
1194 478 1277 548 sit:“
1306 476 1381 544 66.:

159 579 265 660 „Sola
279 579 441 644 violentia
454 589 621 668 repugnat
635 580 782 646 libertati
797 581 942 646 hominis
959 581 1103 648 naturali
1111 587 1140 659 3⁴⁶
1157 581 1224 647 62:
1240 582 1377 660 „Homo

157 693 295 768 peccat,
319 683 689 774 etiamdamnabiiiter,
712 687 747 750 in
774 707 813 750 eo
837 684 931 771 quod
951 685 1143 750 necessario
1165 684 1285 764 facit;“
1307 685 1379 751 68.:

162 785 363 864 „infidelitas
384 809 468 872 pure
489 787 655 875 negativa,
678 789 711 852 in
734 788 787 853 his
809 788 933 875 quibus
951 787 1105 853 Christus
1126 809 1195 853 non
1211 797 1263 854 est
1277 810 1376 875 prae·

144 889 299 978 dicatus,
316 901 490 976 peccatum
505 898 593 969 est;“
609 891 676 958 73.:
701 891 840 969 „Nemo
863 899 997 976 praeter
1016 890 1195 967 Christum,
1219 900 1270 958 est
1291 892 1368 956 abs-

163 1014 229 1079 que
253 1001 395 1078 peccato
422 995 592 1080 originali:
631 993 711 1059 hinc
738 995 841 1060 Beata
867 993 972 1082 Virgo
1000 1003 1131 1060 mortua
1157 1003 1210 1060 est
1238 1002 1379 1082 propter

161 1103 337 1182 peccatum
364 1119 406 1160 ex
427 1096 531 1162 Adam
558 1091 783 1172 contractum,
807 1117 992 1184 omnesque
1017 1097 1090 1184 ejus
1117 1096 1316 1164 afflictiones
1340 1099 1377 1164 in

161 1199 225 1263 hac
252 1199 337 1279 vita,
366 1200 453 1264 sicut
481 1208 515 1264 et
537 1198 690 1265 aliorum
698 1201 884 1287 jutorum,
913 1199 1050 1265 fuerunt
1074 1199 1222 1266 ultiones
1246 1201 1377 1288 peccati

162 1301 318 1379 actualis,
342 1301 397 1365 vel
420 1301 628 1388 originalis;“
666 1302 732 1369 78.:
756 1302 1014 1384 „Immortalitas
1036 1305 1131 1388 primi
1147 1303 1292 1369 bominis
1308 1326 1378 1370 non

163 1411 234 1468 arat
250 1403 375 1490 gratiae
397 1404 604 1481 beneficium,
629 1405 687 1470 sed
703 1406 866 1471 naturalis
882 1406 1070 1483 conditio;“
1099 1407 1166 1472 79.;
1190 1407 1311 1488 „Falsa
1326 1416 1380 1473 est

162 1506 338 1572 doctorum
360 1509 541 1590 sententia,
565 1509 705 1594 primum
726 1509 894 1574 homiuem
916 1509 1104 1595 potuisses
1125 1509 1197 1574 Deo
1219 1511 1324 1575 creari
1345 1520 1380 1575 et

160 1610 290 1676 institui
312 1611 384 1676 sine
400 1611 533 1697 justitia
557 1611 735 1695 naturalif‘
803 1611 852 1677 Cf.
876 1610 1014 1698 iusuper
1027 1633 1125 1698 prop.
1151 1614 1183 1694 1,
1207 1613 1242 1692 2,
1265 1613 1302 1694 3,
1325 1613 1377 1692 27,

163 1712 213 1796 28,
238 1713 289 1791 29,
313 1713 364 1793 31,
386 1714 437 1795 40,
454 1715 512 1791 51,
536 1713 587 1792 64,
611 1714 662 1780 65.

225 1816 420 1902 Propositio
443 1817 493 1883 27.
516 1816 633 1882 babet:
664 1815 841 1896 „Liberum
864 1817 1050 1898 arbitrium,
1074 1818 1146 1882 sino
1168 1802 1294 1904 gratiae
1316 1816 1380 1880 Dei

163 1919 342 2005 adjutorio,
364 1921 499 2007 nonnisi
515 1920 557 1984 ad
572 1919 780 2006 peccandum
797 1921 925 1998 valat;“
948 1942 1045 2006 prop.
1059 1921 1126 1986 28.:
1156 1920 1379 2007 „Pelagianus

164 2031 215 2087 est
230 2045 323 2087 error
338 2022 458 2102 dicere,
476 2023 569 2110 quod
583 2024 723 2088 liberum
736 2023 906 2088 arbitrium
920 2024 1009 2088 valet
1024 2024 1067 2089 ad
1082 2024 1187 2090 ullum
1201 2035 1378 2110 peccatum

163 2125 403 2207 vitandum¹).“

228 2227 267 2292 In
295 2237 455 2314 quantum
487 2250 573 2314 opus
601 2236 667 2305 est,
697 2229 738 2292 de
759 2251 795 2292 re
815 2229 947 2315 Bajanas
968 2227 1052 2293 haec
1074 2227 1268 2292 adnotanda
1290 2236 1381 2296 sunt,

164 2331 435 2398 Reformatorum
450 2332 710 2417 protestantium
726 2331 867 2406 haeresi,
884 2353 950 2418 qua
966 2353 1078 2396 sacras
1091 2331 1183 2396 solas
1196 2331 1380 2417 scripturas

165 2457 240 2513 esse
269 2435 344 2500 fidei
374 2434 502 2498 fontem
533 2433 803 2520 praedicabatur,
840 2433 943 2520 aliqui
970 2433 1187 2500 nihilominus
1218 2435 1381 2499 ecclesiae

164 2550 293 2624 patres,
319 2539 496 2624 praecipue
517 2538 549 2602 S.
568 2537 791 2625 Augustinus,
816 2537 913 2624 cujus
940 2549 1118 2624 praecepta
1144 2537 1186 2603 de
1212 2538 1321 2624 gratia
1347 2547 1381 2602 et

166 2641 474 2726 praedestinatione
509 2642 605 2728 sequi
635 2641 867 2706 Protestantes
897 2662 972 2706 sese
1002 2642 1213 2719 asserebant,
1251 2641 1379 2728 magnis

164 2743 354 2810 honoribus
380 2743 621 2810 afficiebantur.
667 2744 761 2824 Quae
787 2743 935 2808 haeresis
961 2745 996 2810 in
1022 2744 1180 2808 Flandria
1208 2751 1241 2809 et
1260 2744 1378 2830 Belgio

166 2870 267 2934 quum
296 2849 488 2933 proficeret,
516 2847 663 2912 Michael
687 2847 786 2934 Bajus
809 2847 864 2928 (de
885 2847 985 2932 Bay),
1007 2845 1177 2912 literarum
1205 2846 1381 2932 professor

164 2949 386 3016 LovauIensis
409 2971 496 3015 anno
521 2951 612 3016 1513.
635 2959 745 3026 natus,
762 2971 851 3014 anno
876 2949 965 3016 1589.
983 2959 1145 3024 mortuus,
1169 2971 1209 3014 eo
1225 2950 1379 3027 intendit,

164 3063 203 3120 ut
229 3053 420 3120 scholarum
450 3053 612 3118 methodo
641 3052 774 3117 deserta
803 3053 951 3118 studium
975 3075 1084 3118 rerum
1112 3053 1379 3141 theologicarum

167 3159 307 3222 maxime
322 3158 356 3222 in
373 3177 468 3222 sacra
484 3157 651 3242 scriptura
667 3155 813 3220 eruenda
829 3156 1106 3244 etSrAugustiuo
1123 3157 1379 3222 commentando

165 3269 315 3346 poneret.
361 3261 515 3325 Attamen
536 3260 570 3324 iu
594 3259 781 3344 praeceptis
802 3259 872 3324 suis
888 3259 1049 3344 imprimis
1065 3259 1106 3324 de
1122 3269 1262 3344 peccato
1278 3260 1379 3344 origi·

165 3365 242 3442 nali,
259 3364 422 3429 delibero
440 3363 588 3439 arbitrio,
605 3363 646 3428 de
663 3370 782 3426 natura
797 3361 894 3447 lapsa
910 3384 950 3427 ac
965 3384 1025 3446 per
1042 3362 1209 3427 Christum
1226 3373 1381 3448 reparata

166 3467 416 3544 construendis,
447 3489 488 3530 ex
517 3467 641 3554 quibus
662 3480 781 3530 natura
802 3465 947 3530 hominis
968 3465 1065 3551 lapsa
1086 3474 1120 3530 et
1139 3467 1244 3553 gratia
1266 3465 1380 3531 divina

166 3571 327 3636 destituta
344 3571 386 3634 ad
402 3571 493 3634 bona
508 3569 724 3657 exsequenda
745 3570 928 3656 impotens,
952 3569 995 3633 ad
1012 3579 1150 3653 peccata
1166 3569 1378 3634 solummodo

165 3674 390 3762 perpetranda
411 3673 528 3738 valens
557 3672 767 3746 tradebatur,
796 3671 975 3736 multifarie
998 3673 1167 3737 erroribus
1188 3671 1383 3756 implicatus*

165 3779 207 3843 ab
230 3776 370 3842 ecclesia
390 3777 593 3862 reprobatus
614 3788 674 3840 est.
719 3773 910 3849 Sufficiant,
935 3797 1020 3861 quae
1042 3775 1143 3840 allata
1163 3774 1264 3840 modo
1288 3785 1377 3854 sunt,

164 3881 409 3947 Jansenismum
430 3879 674 3966 praeparantia.
719 3878 868 3943 Joannes
890 3877 1066 3944 Hesselius
1089 3879 1250 3962 (Joannes
1267 3879 1376 3944 hova·

236 4169 259 4239 ¹)
277 4164 481 4240 Propositiones
494 4171 535 4224 79.
554 4167 691 4221 Michaelis
704 4167 771 4234 Baii,
791 4169 932 4222 damnatae
943 4188 967 4224 a.
981 4169 1008 4226 S.
1021 4168 1062 4222 Pii
1075 4169 1118 4234 V,
1137 4168 1209 4222 bulla
1221 4168 1279 4234 „Ex
1292 4167 1375 4222 omni-

162 4258 214 4310 bus
227 4255 493 4310 afflicti011ibus“etc.
509 4259 531 4310 1.
545 4254 604 4308 Oct.
620 4258 702 4320 1567,
714 4274 831 4309 nec-non
845 4273 860 4308 a
874 4255 1006 4326 Gregorio
1019 4255 1095 4309 XIII.
1108 4241 1180 4308 bulla
1191 4254 1374 4320 „Provisionis

103 4386 105 4390 .
163 4349 299 4406 nostrae“,
327 4349 376 4395 cto.
399 4345 440 4399 29.
458 4341 518 4394 Jan.
542 4343 620 4406 1579,
650 4349 676 4394 et
698 4343 730 4394 ab
752 4341 863 4395 Urbano
883 4341 957 4395 VIII.
980 4341 1050 4395 bulla
1076 4343 1123 4408 „In
1143 4341 1300 4406 Eminenti,“
1325 4348 1374 4394 etc.

165 4433 189 4486 6.
202 4428 283 4482 Mart.
298 4432 372 4486 1641.
390 4427 560 4482 Euchiridion
569 4428 756 4499 Symboloruru
771 4437 797 4482 et
805 4429 992 4482 Definitionum
1006 4437 1054 4481 etc.
1068 4428 1149 4481 edidit
1159 4428 1205 4481 Dr.
1216 4427 1373 4500 Denzinger,

164 4515 341 4586 Wirceburgi,
360 4515 515 4586 Sumptibus
529 4514 690 4568 Stahelianis
704 4519 778 4572 1854,
