3084 5056
773 281 814 348 42

187 483 375 568 secunda¹)
396 481 565 552 Arnaldus
587 483 672 548 duas
693 485 944 572 propositiones
961 489 1132 561 statuerat,
1148 483 1284 548 alteram
1300 481 1396 548 facti:

189 586 337 674 quinque
367 587 618 672 propositiones
649 610 709 652 nec
740 610 815 653 esse
844 589 879 652 in
903 587 1073 664 Jansenio,
1106 610 1168 653 nec
1195 587 1266 674 ejus
1294 609 1397 652 sensu

187 691 361 754 damnatas
381 690 503 764 fuisse;
528 688 681 778 adeoque
703 691 791 758 circa
813 697 939 776 partem
960 691 1052 756 illam
1073 690 1289 777 Apostolicae
1312 690 1397 755 Con·

186 794 382 870 stitutionis,
398 791 553 858 sufficere
567 793 761 880 religiosum
778 794 964 870 silentium3
987 795 1124 860 alteram
1135 795 1239 881 juris:
1262 791 1396 859 Verita-

185 905 249 962 tem
274 919 349 962 esse
371 904 440 962 tum
464 918 506 960 ex
527 897 720 982 Scripturis,
743 907 812 962 tum
835 919 876 962 cx
906 919 949 962 ss.
980 898 1137 964 Patribus
1166 897 1396 974 indubitatam,

104 1015 106 1021 '
185 1009 287 1088 atque
309 1000 344 1064 in
367 1021 514 1086 persona
536 1023 561 1064 s.
578 999 669 1066 Petri
684 1001 902 1078 manifestam,
925 1003 1063 1088 gratiam
1080 1000 1218 1078 scilicet,
1242 1001 1398 1086 sineque

184 1105 269 1170 nihil
289 1125 480 1190 possumus,
498 1103 594 1190 justo
618 1103 766 1170 defuisse
787 1127 826 1168 ea
848 1105 882 1170 in
904 1106 1092 1180 occasione,
1114 1106 1149 1169 in
1165 1125 1232 1191 qua
1247 1103 1311 1170 dici
1328 1125 1396 1168 non

185 1216 307 1293 potest,
325 1206 417 1294 quod
434 1228 504 1270 non
524 1208 722 1292 peccaverit.
767 1208 945 1272 Academia
960 1208 1085 1273 idcirco
1101 1207 1245 1294 effugere
1260 1207 1396 1293 probra,

185 1309 427 1396 maledictaque
441 1329 511 1374 nou
527 1311 647 1396 potuit,
664 1311 787 1398 quibus
803 1311 967 1388 Nicclius,
984 1333 1117 1376 causam
1131 1310 1267 1376 Arnaldi
1279 1311 1396 1387 tuitus,

183 1414 217 1478 in
239 1413 392 1500 epistolis
413 1413 484 1478 suis
504 1413 767 1498 provincialibus
789 1437 861 1478 eam
881 1415 1027 1491 vexavit,
1048 1436 1159 1502 neque
1181 1415 1306 1479 evitare
1321 1414 1394 1500 ⁸iro-

184 1516 281 1593 niam,
311 1524 345 1582 et
375 1537 587 1592 sarcasmum,
621 1517 745 1602 quibus
772 1519 836 1582 iste
865 1540 936 1584 eam
960 1517 1078 1583 affecit.
1130 1513 1227 1582 Anno
1251 1517 1396 1602 denique

188 1619 289 1692 1705,
306 1619 548 1684 constitutione
569 1619 731 1697 „Vineam
748 1621 882 1684 Domini
898 1621 1074 1686 Sabaotb“
1090 1621 1143 1686 die
1162 1621 1221 1693 14,
1240 1621 1288 1686 15.
1305 1619 1394 1684 Junii

184 1721 383 1805 (15.Ju1ii¹)
407 1721 496 1798 data,
521 1731 555 1787 et
576 1725 686 1788 statim
710 1745 799 1788 anuo
823 1724 939 1790 codem
965 1724 1055 1790 1705.
1077 1725 1118 1788 ab
1143 1723 1285 1790 ecclesia
1300 1722 1394 1810 galli-

184 1848 268 1892 cane
284 1832 450 1911 suscepta,
474 1825 625 1890 Clemens
641 1827 699 1894 XI.
718 1827 909 1902 declaravit,
934 1827 1111 1904 silentium,
1133 1826 1227 1914 quod
1250 1826 1395 1892 vocaba-

183 1937 238 1994 tur
258 1927 468 2015 religicsum,
491 1950 560 1992 non
576 1928 740 2010 sufficere,
762 1929 899 1996 dubium
916 1930 1044 1994 nullum
1061 1931 1148 1994 circa
1163 1929 1244 1996 facti
1260 1930 1394 1996 certitu-

184 2033 294 2098 dinem
321 2031 533 2098 statuendum
563 2053 654 2111 esse3
677 2071 717 2080 -
740 2034 774 2098 iu
797 2035 1030 2121 propositione
1052 2033 1178 2112 libello,
1202 2033 1255 2098 cui
1279 2033 1395 2098 titulus

184 2143 270 2201 erat:
291 2135 378 2214 „Cas
405 2135 447 2203 de
473 2136 671 2202 conscience
698 2145 793 2214 etc.‚“
819 2145 978 2202 contenta
1004 2137 1045 2202 de
1072 2135 1205 2213 clerice,
1232 2136 1289 2222 qui
1315 2135 1395 2200 sub·

184 2238 319 2325 scripsit
339 2238 502 2306 formulae
518 2239 595 2304 fidei
611 2240 652 2304 ab
669 2239 859 2306 Alexandro
877 2239 948 2305 Vll.
968 2240 1125 2316 sancitae,
1149 2239 1216 2304 hoc
1232 2245 1394 2304 statutum

185 2351 251 2408 cst:
290 2342 336 2420 „il
364 2342 412 2408 lui
443 2341 536 2406 suffit
565 2342 694 2408 d’avoir
722 2366 788 2408 une
819 2343 1021 2406 soumission
1056 2341 1097 2406 de
1127 2349 1265 2428 respect
1291 2351 1324 2406 et
1353 2341 1395 2406 de

184 2445 346 2523 silence;“
374 2483 416 2494 -
445 2445 665 2526 obedientiae,
688 2469 775 2533 quae
797 2445 1103 2512 Constitutionibus
1126 2465 1283 2510 romanae
1305 2443 1395 2510 sedis

184 2549 355 2626 debeatur,
371 2570 440 2614 non
456 2547 624 2614 satisfieri
640 2549 901 2636 obsequioso
919 2548 1110 2625 silentio,
1126 2569 1188 2614 nec
1203 2548 1303 2614 licere
1318 2568 1393 2633 pro·

183 2653 367 2719 sessionem
382 2674 440 2718 cre
456 2652 510 2726 vel
526 2651 652 2738 scripto
670 2651 777 2729 edere,
794 2653 822 2716 si
838 2651 1010 2718 discordet
1026 2674 1046 2715 a
1061 2673 1164 2716 sensu
1179 2659 1212 2716 et
1228 2651 1393 2737 obsequio

184 2757 307 2832 cordis,
320 2757 354 2822 in
371 2777 439 2844 quo
456 2757 521 2822 sita
536 2764 588 2822 est
602 2777 681 2822 vera
697 2756 882 2822 orthodoxi
896 2755 1041 2820 hominis
1058 2753 1260 2820 obedientia.
1304 2755 1394 2820 Pon-

183 2861 267 2926 tifex
290 2861 324 2926 in
348 2859 441 2926 bulla
463 2859 770 2926 constitutionibus
793 2859 980 2924 Innocentii
1000 2857 1042 2922 X.
1067 2865 1100 2922 et
1122 2857 1302 2924 Alexandri
1319 2857 1393 2922 Vll.

185 2963 396 3040 confirmatis,
420 2963 584 3028 Brevibus
608 2963 786 3028 Clementis
809 2963 867 3032 IX.
892 2970 925 3026 et
945 2961 1133 3058 Innocentii
1148 2960 1223 3026 XII.
1246 2959 1394 3026 defensis

184 3068 336 3134 exhibet:
370 3067 531 3154 „inquieti
560 3066 713 3131 homines
730 3115 835 3137 .....
851 3065 973 3130 docere
1002 3084 1070 3130 non
1101 3073 1180 3130 sunt
1208 3064 1321 3140 veriti,
1352 3063 1395 3128 ad

185 3156 409 3236 obedientiam
424 3169 583 3255 praefatis
604 3169 810 3256 Apostolicis
833 3168 1138 3234 constitutionibus
1155 3167 1310 3244 debitam,
1326 3190 1395 3232 non

183 3260 317 3361 requiri,
341 3285 379 3338 ut
400 3273 475 3360 quis
497 3273 659 3360 praedicti
679 3273 871 3338 Janseniani
893 3272 984 3337 Libri
1006 3293 1139 3336 sensum
1161 3272 1195 3336 in
1217 3271 1394 3338 antedictis

184 3379 333 3465 quinque
350 3376 655 3462 propositionibus,
672 3377 760 3442 sicut
775 3376 1006 3460 praemittitur,
1024 3375 1226 3450 damnatum,
1243 3375 1392 3452 interius,

183 3491 220 3545 ut
243 3480 446 3546 haereticum
468 3478 618 3560 damnet3
642 3478 702 3543 sed
724 3480 806 3543 satis
828 3500 911 3555 esse,
935 3480 962 3542 si
979 3501 1017 3543 es
1033 3478 1074 3543 de
1090 3501 1126 3544 re
1143 3478 1394 3564 obsequiosum,

183 3595 222 3650 ut
241 3584 307 3670 ipsi
328 3590 463 3660 vocant,
486 3582 653 3648 silentium
669 3591 823 3646 teneatur
838 3631 929 3651 .....
947 3580 1036 3662 Quin
1053 3582 1151 3647 etiam
1166 3603 1206 3645 eo
1222 3581 1394 3666 impuden-

185 3689 249 3752 tiae
279 3686 464 3752 nonnullos
494 3685 672 3750 devenisse
702 3693 909 3771 compertum
939 3697 999 3762 cst,
1029 3693 1068 3750 ut
1096 3684 1201 3750 veluti
1231 3683 1394 3750 naturalis

183 3791 383 3864 honestatis,
406 3789 528 3854 nedum
552 3787 763 3856 Christianae
787 3788 987 3854 sinceritatis
1016 3788 1122 3862 obliti,
1153 3808 1302 3852 asserere
1324 3809 1395 3852 non

183 3879 421 3968 dubitaverint,
446 3891 614 3978 praefatae
637 3891 799 3958 formulae
822 3915 842 3956 a
864 3899 1045 3958 memorato
1076 3889 1267 3955 Alexandro
1294 3890 1394 3958 Prae·
1436 3877 1439 3886 ’

183 3999 361 4066 decessore
384 3995 612 4082 praescriptae
635 3997 802 4064 subscribi
825 3996 914 4061 licite
938 4017 1049 4082 posse,
1073 3995 1170 4058 etiam
1195 3993 1236 4058 ab
1258 3992 1311 4068 iis,
1334 3995 1391 4081 qui

182 4102 323 4170 interius
338 4121 407 4164 nou
418 4098 582 4185 judicant,
601 4099 776 4185 praedicto
792 4099 942 4165 lansenii
958 4099 1060 4164 Libro
1077 4096 1261 4162 doctrinam
1277 4095 1393 4164 haere-

183 4208 281 4276 ticam
305 4202 479 4272 contineri.
536 4200 640 4282 Quasi
663 4227 755 4288 vero,
778 4212 896 4268 contra
922 4200 1015 4289 quod
1045 4200 1206 4286 scriptum
1237 4207 1303 4266 est:
1328 4200 1394 4281 Qui

253 4446 275 4515 ¹)
295 4443 417 4498 Secunde
432 4443 522 4497 Lettre
534 4442 559 4496 d.
571 4441 609 4495 Μ.
623 4441 735 4496 Arnaud
749 4442 867 4494 Doctcur
880 4440 913 4492 de
926 4439 1067 4494 Sorbonne
1081 4445 1131 4493 etc.

246 4531 271 4602 ἱ)
289 4529 420 4588 Nouvelle
437 4529 608 4604 Bicgrsphie,
625 4529 642 4584 l.
656 4547 678 4584 c.
691 4559 722 4572 -
735 4526 966 4584 Ketaer-Lexicon
978 4544 1031 4579 ron
1043 4526 1124 4582 Peter
1135 4526 1217 4591 Fritz,
1229 4525 1246 4580 l.
1260 4543 1282 4580 c.
1294 4542 1321 4598 p.
1334 4527 1393 4584 249.
