3084 5056
804 285 847 352 66

723 375 924 387 nunna—...⁶4—

217 486 380 558 asseclam
409 489 517 556 fuisse
548 489 713 565 docend0,
747 490 843 556 deum
874 490 1123 576 praedestinare
1151 511 1220 555 non
1250 488 1364 554 solum
1397 487 1442 553 ad
1516 517 1517 524 ι

217 593 466 670 beatitudinem,
490 593 549 660 sed
574 594 671 658 etiam
695 593 738 659 ad
761 594 928 659 interitum
952 602 985 658 et
1007 593 1174 682 negando,
1197 592 1371 658 hominem
1397 591 1443 656 ad

211 697 486 784 justificationem
524 706 626 784 atque
663 685 872 762 sanctitatem
911 695 1182 783 consequendam
1212 719 1288 761 cum
1317 697 1442 761 divina

215 801 321 888 gratia
343 810 503 887 operante
525 801 716 886 cooperari,
739 799 902 887 siquidem
925 799 999 865 sola
1020 800 1073 866 dei
1095 800 1247 886 operatio
1271 799 1441 886 justificet

215 910 249 970 et
272 903 506 983 sanctificet¹).

279 1005 415 1084 Nescio,
433 1005 604 1092 quomodo
616 1004 794 1071 lausaniae
810 1027 932 1092 negare
948 1006 1079 1081 audeat,
1096 1026 1182 1092 quae
1198 1003 1271 1069 sole
1287 1003 1439 1070 clariora

214 1133 256 1178 ex
267 1110 420 1187 historia,
433 1110 463 1173 si
475 1109 571 1174 fidem
585 1108 709 1174 habere
719 1109 774 1174 isti
787 1109 1102 1203 aliquamkvolueris
1115 1117 1239 1194 patant.
1270 1107 1437 1182 Faustus,

213 1213 318 1279 abbas
331 1225 408 1279 ante
421 1213 615 1288 Lirinensis,
637 1213 715 1278 deiu
731 1213 913 1298 episcopus
926 1213 1101 1300 Regiensis
1113 1213 1147 1276 in
1160 1211 1280 1289 Gallia,
1297 1212 1436 1297 episto·

216 1317 282 1382 lam
298 1316 340 1382 ad
355 1316 520 1382 Lucidum
536 1316 680 1401 scripsit,
702 1317 736 1380 in
752 1338 820 1402 qua
841 1315 1013 1380 nonnullis
1029 1315 1178 1381 articulis
1194 1313 1436 1401 praedestina·

214 1420 314 1486 tianis
341 1419 506 1486 exhibitis*
527 1428 561 1484 et
586 1418 715 1483 Lucido
746 1419 789 1482 ad
819 1418 1042 1486 damnandum
1074 1440 1134 1484 eos
1160 1419 1298 1495 monito,
1331 1417 1435 1484 dicit:

213 1523 379 1600 „Grandis
402 1523 549 1588 charitas
571 1531 632 1598 est,
656 1544 773 1608 parum
793 1523 882 1588 cauti
898 1522 1010 1588 fratris
1027 1543 1170 1588 errorem
1188 1544 1248 1608 per
1262 1522 1315 1587 dei
1331 1521 1433 1609 adju-

212 1628 334 1692 torium
357 1633 390 1691 et
411 1625 549 1712 gratiam
572 1624 677 1712 magis
693 1625 780 1690 velle
796 1648 921 1704 curare,
944 1648 1044 1714 quam
1060 1626 1147 1690 sicut
1162 1626 1278 1690 summi
1295 1625 1433 1691 antisti·

210 1737 262 1796 tes
289 1728 491 1795 meditantur
517 1749 538 1792 a
564 1727 715 1793 bonitate
742 1729 978 1816 suspendere.“
1024 1727 1219 1795 Concludit:
1250 1751 1307 1806 „se
1335 1728 1432 1794 illius

212 1832 381 1920 exemplar
410 1853 522 1896 secum
553 1831 705 1906 retinere,
735 1831 770 1896 in
800 1833 977 1898 Conventa
1000 1856 1032 1912 s,
1050 1855 1076 1898 s.
1093 1833 1296 1912 Antistitum‚
1328 1832 1360 1898 si
1384 1833 1431 1896 ita

210 1957 348 2002 neeesse
373 1934 484 2011 fuerit,
507 1933 761 2019 proferendum:
785 1957 884 2022 quam
908 1937 946 2012 si,
970 1936 1088 2023 inquit,
1111 1957 1182 2001 eam
1200 1935 1429 2022 subscriptam
1514 2009 1515 2012 Ἴ

208 2038 432 2106 transmittere
455 2037 612 2112 volueris,
636 2047 750 2123 aperte
773 2037 885 2105 adhuc
907 2049 939 2104 to
961 2040 995 2105 in
1018 2060 1130 2108 errore
1145 2040 1324 2125 persistere
1349 2040 1427 2126 ipso

212 2142 347 2208 silentio
378 2141 631 2226 comprobabis:
655 2162 694 2206 ae
724 2142 865 2226 proinde
890 2143 961 2229 jam
990 2143 1222 2208 necessitatem
1248 2141 1356 2208 facies
1384 2141 1428 2206 ad

215 2265 396 2332 personam
420 2253 511 2310 tuam
527 2243 671 2329 publicis
688 2243 918 2310 conventibus
934 2243 1243 2332 exponendam2).“·

272 2347 347 2429 Qua
382 2346 527 2433 epistola
562 2346 605 2411 ad
636 2347 804 2433 synodum
826 2335 1059 2414 ¹arelatensem
1091 2348 1203 2414 delata
1237 2348 1279 2414 ab
1313 2369 1425 2436 eaque

208 2451 443 2539 comprobata,
468 2449 615 2514 Lucidus
638 2449 839 2516 haereticam
861 2451 1046 2517 doctrinam
1070 2452 1281 2518 retractando
1304 2474 1425 2538 repro·

207 2555 309 2620 bavit.
354 2551 550 2632 „Corractio
574 2562 718 2628 vestra,“
742 2554 860 2641 inquit,
883 2555 917 2619 in
937 2554 1053 2621 libello
1076 2555 1317 2622 emendationis
1340 2577 1425 2621 suae

206 2659 250 2724 ad
279 2659 461 2745 episcopos
491 2655 675 2743 gallicanos
705 2657 808 2722 misso
821 2657 860 2738 ³),
890 2653 1003 2736 „salus
1034 2659 1169 2745 publica
1198 2669 1231 2724 et
1254 2660 1424 2726 sententia

205 2771 318 2828 vestra
341 2760 503 2826 medicina
524 2769 584 2825 est.
630 2759 726 2826 Unde
747 2773 781 2825 et
802 2783 864 2849 ego
887 2784 1048 2826 summum
1065 2761 1243 2827 remedium
1260 2762 1360 2840 duco,
1385 2769 1423 2826 ut

206 2865 406 2952 praeteritos
422 2885 552 2928 errores
569 2864 777 2943 accusando,
793 2886 954 2942 excusae,
971 2875 1004 2931 et
1016 2864 1188 2931 salutifera
1203 2865 1421 2932 confessione
1515 2881 1516 2936 i

157 3040 159 3046 ¹
205 2991 277 3034 mea
305 2966 439 3032 diluam.
485 2965 630 3032 Proinde
647 2967 747 3054 juxta
770 2967 986 3054 praedicandi
1008 2970 1155 3034 recentia
1178 2978 1305 3035 statuta
1328 2970 1419 3036 Con·
1515 2949 1516 2974 i

205 3072 283 3150 ollii,
300 3071 422 3136 damno
438 3069 613 3135 vobiscum
630 3092 765 3136 sensum
782 3072 850 3157 qui,
867 3071 947 3136 dicit

270 3175 300 3259 l)
324 3173 500 3239 Humanae
528 3173 739 3240 obedieutiae
767 3174 914 3239 laborem
938 3173 1073 3240 divinae
1095 3173 1222 3262 gratiae
1251 3194 1319 3238 non
1342 3195 1418 3240 esse

198 3278 423 3367 jungendum
451 3277 485 3362 2)
509 3277 566 3364 qui
593 3276 682 3354 dicit,
709 3285 789 3363 post
816 3277 911 3363 primi
937 3275 1082 3342 hominis
1104 3276 1246 3362 lapsum,
1273 3299 1315 3342 ex
1341 3286 1416 3343 toto

202 3382 373 3473 arbitrium
396 3381 581 3447 voluntatis
605 3381 820 3458 exstinctum3
843 3381 875 3464 3)
898 3381 956 3467 qui
978 3380 1068 3458 dicit,
1091 3379 1183 3467 qnod
1200 3380 1365 3456 Christus,
1382 3387 1416 3445 ot

202 3486 360 3552 Salvator
389 3494 505 3550 noster
534 3493 670 3548 mortem
702 3504 769 3548 non
799 3505 860 3570 pro
892 3484 1036 3548 omnium
1066 3483 1174 3548 salute
1210 3484 1413 3569 susceperit3

201 3591 234 3672 4)
257 3589 316 3677 qui
332 3589 422 3666 dicit,
446 3587 538 3674 quod
556 3587 776 3673 praescientia
796 3587 849 3652 dei
870 3587 1037 3652 hominem
1052 3587 1218 3652 violenter
1232 3587 1413 3673 compellat
1514 3589 1515 3672 l

201 3693 245 3758 ad
266 3701 415 3768 mortem,
441 3690 493 3754 vel
517 3690 610 3778 quod
633 3712 707 3755 cum
730 3690 782 3756 dei
807 3699 944 3776 pereant
968 3691 1150 3767 voluntate,
1174 3690 1231 3778 qui
1254 3703 1411 3776 pereunt3
1514 3681 1515 3748 i

128 3843 130 3846 -
201 3799 234 3882 5)
251 3797 309 3884 qui
330 3795 422 3870 dicit,
446 3793 539 3882 quod
561 3807 641 3879 post
661 3802 834 3879 acceptum
856 3795 1001 3882 legitime
1023 3795 1232 3880 baptismum,
1254 3794 1288 3857 in
1304 3793 1410 3858 Adam

202 3899 370 3976 moriatur,
398 3899 602 3984 quicumque
623 3896 818 3983 deliquerit3
842 3897 874 3982 6)
891 3899 948 3985 qui
964 3898 1053 3974 dicit,
1071 3897 1156 3962 alios
1172 3896 1352 3982 deputatos
1368 3896 1410 3962 ad

202 4013 349 4078 mortem,
373 3999 459 4065 alios
486 3999 528 4064 ad
577 4000 656 4066 itam
682 4000 967 4086 praedestinatos3
991 4002 1024 4084 7)
1053 4000 1111 4087 qui
1137 4000 1218 4066 dicit
1239 4001 1280 4066 ab
1304 3999 1407 4066 Adam

270 4189 293 4258 ¹)
312 4185 406 4240 Fausti
423 4185 546 4258 Rejensis
564 4204 606 4258 ep.
624 4186 658 4240 ad
676 4188 767 4242 Lucid.
787 4196 815 4244 et
831 4187 922 4242 Lucidi
942 4205 1057 4242 errorem
1076 4187 1240 4243 emendantis
1257 4187 1361 4242 libellus
1373 4185 1406 4241 ad
1513 4189 1514 4216 r

199 4274 344 4346 episcopos
356 4272 502 4344 gallicanos
516 4272 647 4328 ahtroido
661 4274 774 4341 delatus
793 4275 864 4347 apud
878 4274 966 4328 Mansi
979 4273 1012 4332 Τ,
1025 4274 1086 4328 Vll.
1099 4293 1125 4346 p.
1140 4278 1214 4340 1108,
1228 4274 1298 4347 apud
1311 4275 1405 4346 Alacg,

199 4360 431 4433 Universalgosch.
449 4359 497 4413 der
509 4357 610 4414 christl.
622 4360 735 4426 Kirche3
753 4361 848 4428 Karta,
860 4361 1010 4415 Handbuch
1024 4361 1071 4415 der
1084 4363 1186 4433 allgem.
1200 4361 1403 4432 Kirchengesclr.

267 4449 293 4515 ²)
312 4446 418 4500 Bibliot.
431 4445 463 4504 P.
476 4445 505 4503 P.
518 4445 552 4500 T.
565 4448 589 4504 8.
602 4466 628 4520 p.
641 4450 700 4506 524.
714 4449 763 4503 eol.
778 4453 800 4506 1.
814 4448 860 4514 C.;
874 4448 924 4503 col.
937 4451 962 4505 2.
976 4449 1018 4515 G„
1032 4449 1104 4520 apud
1116 4448 1218 4504 Tourn.

269 4535 293 4608 ³)
313 4533 392 4608 Apud
405 4533 482 4590 Sirm.
497 4541 513 4588 t.
527 4538 550 4592 4.
564 4553 589 4608 p.
604 4538 662 4594 418.
677 4535 716 4604 B„
730 4536 799 4610 apud
813 4533 914 4595 Toum.
925 4562 958 4577 -
