3084 5056
773 269 812 336 ffi

185 482 295 539 utrum
322 472 405 538 haec
432 475 534 539 verba
556 474 599 538 ad
622 473 762 538 eundem
785 474 933 537 Marcum
957 473 1137 540 Antonium
1167 473 1218 539 De
1251 473 1428 540 Dominis

161 617 164 630 «
186 577 361 642 referenda
387 576 467 656 sint;
494 599 536 640 an
561 577 679 642 forsan
705 577 749 640 ad
771 575 877 640 libros
900 575 1044 663 aglicos,
1072 576 1268 664 dequibus
1297 578 1428 662 (livres

188 680 331 769 anglais)
347 681 458 768 agitur
472 680 505 744 in
522 679 596 744 aliis
618 679 770 765 epistolis
782 678 820 759 ¹).
865 677 1022 744 Profecto
1042 679 1116 758 fuit,
1139 703 1200 746 cur
1219 681 1428 747 Jansenins

188 792 222 849 et
251 782 500 868 San-Cyranus
530 783 664 868 saepius
695 783 736 847 de
759 781 812 846 his
834 781 929 848 libris
955 792 1100 870 agerent.
1145 781 1428 872 San-Cyranus

171 964 172 973 ἵ
188 887 368 972 praecipue
382 885 577 952 Jansenium
594 893 790 950 constanter
805 895 1040 972 perpetuoque
1056 887 1218 966 incitavit,
1236 909 1283 953 eo
1302 889 1426 954 inten-

188 989 282 1066 dens,
304 998 341 1054 ut
361 989 403 1054 de
418 989 458 1053 iis
480 989 636 1055 Sorbona
656 989 854 1054 Parisiensis
870 988 1035 1076 judicium
1057 1011 1309 1077 censuramque
1326 990 1427 1056 face-

188 1102 249 1158 ret.
295 1092 504 1171 „Aurelium“
536 1114 631 1157 suum
659 1100 778 1158 contra
808 1113 867 1156 eos
896 1077 1119 1179 praeparavit,
1149 1114 1426 1179 praecursorem

190 1195 410 1283 ,‚Augustini“
426 1195 621 1260 Janrenitici
636 1194 794 1272 futurum,
810 1205 849 1259 ut
864 1195 1034 1281 episeopis
1051 1205 1084 1260 et
1095 1194 1275 1262 Sorbonae
1290 1197 1426 1263 docto·

190 1299 284 1364 ribus
307 1299 559 1375 demonstraret,
584 1319 652 1385 quo
675 1301 770 1384 ipsos
786 1297 899 1362 studio
917 1297 1119 1376 defenderet,
1143 1299 1207 1364 hac
1222 1323 1313 1366 vero
1332 1323 1425 1366 usus

191 1403 369 1469 occasione
391 1402 478 1480 data,
501 1402 629 1466 interea
647 1409 919 1488 prosequeretur,
943 1401 1035 1488 quod
1057 1403 1092 1466 in
1112 1403 1221 1468 animo
1243 1404 1423 1469 molieba-

191 1517 263 1584 tur,
286 1505 320 1570 in
340 1505 426 1570 libro
448 1527 511 1570 suo
533 1505 713 1590 praecipua
733 1503 934 1568 lansenismi
949 1505 1115 1592 principia
1131 1505 1367 1572 disseminans
1378 1505 1423 1591 2).

194 1609 403 1696 Quamquam
427 1630 447 1672 a
471 1629 568 1694 papa,
593 1606 709 1672 eodem
733 1615 883 1693 tempore
905 1608 992 1672 etin
1013 1607 1164 1686 Francia,
1189 1609 1338 1674 vetitum
1354 1619 1423 1692 cst,

193 1735 236 1778 ne
252 1724 369 1778 contra
390 1712 496 1776 libros
519 1710 639 1798 anglos
655 1710 866 1788 scriberetur,
890 1707 1139 1796 San-Cyranus
1156 1734 1226 1776 non
1242 1713 1422 1778 obediens

195 1817 405 1898 „Aurelium“
434 1837 531 1880 suum
555 1836 756 1900 componere
779 1819 880 1900 atque
903 1814 1002 1880 edere
1025 1815 1286 1894 continuavit³).
1336 1817 1421 1882 Huc

195 1921 361 2008 pertinere
376 1919 518 1997 videtur,
536 1918 628 2006 quod
643 1913 821 2002 legitnr⁴):
845 1915 920 1993 „On
941 1939 959 1982 a
974 1919 1038 1982 mis
1054 1921 1108 2007 icy
1124 1943 1166 1984 en
1187 1920 1331 1986 lumicre
1348 1944 1421 1986 une

194 2026 278 2090 livre
301 2023 457 2110 sanglant
479 2031 597 2087 contra
619 2021 653 2085 la
676 2021 840 2094 Serbone,
864 2018 885 2084 a
907 2043 1006 2086 cause
1028 2021 1069 2087 de
1092 2031 1179 2089 cette
1195 2046 1359 2090 censure:
1385 2025 1421 2090 la

195 2127 274 2215 plus
296 2127 420 2214 grande
443 2133 541 2214 party
563 2135 614 2191 est
634 2123 787 2210 appellee
809 2135 954 2190 souvent
975 2125 1185 2214 Heretiques,
1200 2127 1420 2195 Rioheristes

196 2240 271 2308 cet,
294 2231 318 2296 il
341 2242 392 2296 est
414 2231 496 2296 ecrit
519 2251 561 2294 en
577 2228 725 2294 dellense
748 2227 793 2292 du
810 2230 937 2319 second
952 2229 1036 2296 livre
1052 2229 1201 2310 censure,
1227 2243 1259 2297 et
1273 2232 1339 2298 fait
1356 2256 1421 2320 per
1526 2250 1527 2261 ³

196 2333 317 2401 Daniel
343 2331 363 2398 ἐι
386 2332 476 2400 Jesu.
520 2332 559 2398 Je
582 2355 623 2396 ne
646 2333 713 2396 sais
736 2354 798 2418 pas
820 2333 1002 2399 vraiement
1028 2357 1091 2421 par
1120 2335 1178 2422 qui
1201 2335 1223 2400 il
1247 2337 1317 2401 soit
1341 2337 1418 2412 fait,
1526 2358 1527 2413 l

199 2436 363 2526 quoiqu’il
394 2446 490 2522 porte
520 2458 558 2500 ce
587 2436 693 2501 tiltre:
731 2435 912 2500 Hermanni
942 2437 1136 2524 Lobmmely
1165 2441 1418 2526 Antverpensis

197 2543 231 2607 S.
247 2539 455 2626 Theologiae
478 2539 656 2604 Licentiati
679 2553 712 2606 et
733 2539 895 2605 Canoniei
915 2541 1100 2606 Lectoralis
1117 2542 1276 2606 ecclesiae
1294 2543 1417 2608 cathe-

198 2644 300 2710 dralis
321 2643 585 2708 Audomanensis
608 2645 764 2730 spongia,
789 2666 856 2730 qna
877 2644 1050 2709 diluuntur
1069 2645 1252 2710 caluminae
1275 2640 1417 2711 nomine

197 2747 368 2814 facultatis
390 2745 588 2810 Parisiensis
611 2747 787 2832 impositae
808 2746 895 2812 libro
918 2749 975 2833 qui
996 2749 1197 2814 inscribitur.
1243 2749 1417 2836 Apologia

199 2851 232 2917 S.
259 2849 356 2915 Sedis
383 2849 590 2935 apostolieae
618 2851 704 2914 circa
731 2851 875 2937 regimen
903 2849 1152 2916 Catholicorum
1180 2851 1320 2938 Angliae
1349 2869 1415 2918 etc.

198 2977 251 3020 an.
278 2954 390 3018 1631.“

263 3057 381 3144 Neque
397 3055 504 3120 minus
522 3077 596 3121 eum
612 3054 675 3119 hae
697 3077 732 3119 re
747 3055 928 3119 cohaerere
943 3054 1084 3132 videtur,
1109 3057 1201 3144 quod
1217 3057 1363 3124 habetur
1377 3059 1414 3123 in

201 3161 274 3228 aliis
302 3159 502 3249 quibusdam
529 3156 733 3246 epistolis⁵),
764 3159 820 3222 ubi
851 3158 891 3222 de
918 3159 1017 3224 Patre
1044 3157 1184 3224 Gibieuf
1207 3162 1323 3248 agitur,
1353 3162 1414 3248 qui

201 3267 320 3333 librum
350 3261 413 3340 „de
440 3263 616 3328 libertate“
645 3263 834 3347 scripserat,
864 3261 978 3338 multa,
1005 3272 1043 3326 ut
1068 3262 1209 3340 videtur,
1237 3265 1413 3329 doctrinae
1524 3247 1525 3273 ¹

199 3369 421 3438 Jansenianae
437 3387 587 3454 congrua
603 3365 836 3440 continentem,
861 3365 958 3451 eique
974 3366 1071 3452 quasi
1087 3375 1367 3453 praecurrentem.
1523 3310 1527 3461 l

274 3559 297 3630 1]
316 3555 367 3628 Ep.
388 3558 429 3612 97.
453 3554 493 3608 De
515 3551 635 3606 Louvain
654 3552 679 3605 le
700 3554 740 3608 31.
764 3550 872 3604 Janvier
896 3554 976 3616 1631;
999 3571 1040 3625 ep.
1058 3556 1099 3610 98.
1122 3553 1155 3606 D.
1168 3553 1196 3607 L.
1216 3554 1240 3606 16
1263 3557 1302 3609 14.
1321 3554 1410 3607 Febu·

202 3646 255 3701 rier
278 3648 358 3707 1631;
381 3660 422 3714 ep.
445 3645 487 3698 99.
508 3640 542 3693 D.
564 3639 593 3692 L.
616 3639 639 3692 le
662 3642 703 3694 27.
726 3637 759 3690 (16
779 3638 907 3692 Feburier
929 3643 1009 3703 1631;
1032 3658 1073 3710 cp.
1098 3644 1154 3696 100.
1176 3641 1208 3692 D.
1226 3640 1256 3693 1..
1275 3641 1299 3693 le
1318 3645 1357 3696 14.
1377 3641 1410 3692 de

201 3732 277 3788 Mars
296 3734 376 3800 16313
394 3747 436 3800 ep.
455 3732 512 3786 101.
530 3727 564 3780 D.
581 3726 610 3778 L.
633 3726 657 3778 le
675 3727 715 3780 21.
734 3723 859 3779 dellius
879 3729 952 3783 1631.
972 3727 1048 3796 (liber
1065 3727 1115 3780 fuit
1132 3733 1257 3780 exaratus
1271 3745 1287 3778 a
1299 3727 1410 3780 Daniele

93 3878 98 3890 ‚
201 3819 334 3889 slesu.);
355 3835 396 3888 ep.
417 3819 473 3872 102.
492 3814 525 3867 Ι).
542 3813 572 3866 L.
590 3813 614 3865 le
633 3814 674 3867 28.
694 3810 727 3864 (16
743 3809 819 3864 Mars
840 3815 914 3869 1631.
935 3831 975 3884 ep.
992 3817 1048 3870 103.
1061 3813 1093 3868 D.
1107 3813 1135 3866 L.
1153 3818 1190 3869 11.
1204 3813 1305 3866 d'Avril
1322 3817 1408 3877 1631.;

202 3927 244 3982 ep.
258 3909 315 3965 105.
329 3909 362 3959 D.
376 3904 406 3956 L.
419 3904 443 3957 le
456 3907 480 3958 2.
494 3901 526 3954 (16
539 3900 604 3970 May
618 3902 706 3960 1631.;
721 3916 762 3968 ep.
778 3903 835 3956 106.
849 3899 882 3952 D.
895 3899 924 3952 L.
935 3900 962 3953 le
975 3904 998 3956 6.
1012 3899 1073 3952 Juin
1089 3902 1162 3956 1631.

268 3996 294 4065 ²)
313 3992 363 4064 Ep.
377 3994 419 4048 99.
433 3989 465 4042 D.
479 3988 508 4041 L.
521 3988 545 4040 le
558 3990 599 4043 27.
613 3986 646 4040 de
658 3985 786 4040 Feburier
801 3989 875 4043 1631.

270 4082 294 4151 a)
313 4079 363 4150 Ep,
384 4080 441 4134 103.
462 4075 494 4128 D.
513 4074 542 4127 L.
562 4074 585 4126 le
604 4078 643 4129 11.
663 4073 765 4126 d'Arril
784 4076 863 4138 1631;
883 4091 923 4144 ep.
945 4077 999 4130 107.
1019 4073 1050 4124 D.
1070 4070 1098 4124 l..
1113 4072 1136 4126 le
1151 4076 1190 4128 16.
1204 4071 1236 4126 (16
1250 4068 1314 4144 May
1329 4075 1408 4133 16311

200 4187 241 4242 cp.
257 4170 313 4226 109.
326 4167 350 4220 le
365 4167 405 4221 18.
418 4163 451 4216 de
463 4160 553 4214 luillet
566 4163 638 4216 1631.
1466 4165 1467 4170 ’

266 4255 293 4325 4)
312 4252 361 4324 sp.
377 4236 814 4308 103.1).L.1011.d’Aur111631.

271 4342 296 4411 ⁶)
314 4339 363 4412 Ep.
385 4339 442 4394 109.
460 4335 493 4389 D.
510 4333 540 4388 L.
559 4333 583 4387 le
602 4335 642 4390 18.
660 4332 752 4388 luillet
770 4337 850 4398 1631;
869 4349 910 4403 ep.
929 4329 1405 4398 117.1).1..167.(1Ἀι(6111632;θΡ·

206 4431 264 4489 120.
283 4427 316 4481 D.
334 4426 364 4485 L.
381 4425 406 4478 le
425 4427 464 4481 10.
483 4422 516 4477 (16
534 4421 692 4494 Septembre
710 4424 790 4490 1632;
809 4438 850 4493 ep.
870 4422 927 4476 122.
939 4418 972 4472 D.
984 4417 1014 4473 L.
1027 4419 1052 4473 16
1064 4421 1105 4476 26.
1119 4419 1152 4474 (16
1163 4418 1315 4474 Novembre
1329 4416 1406 4478 16323

208 4533 249 4594 cp.
265 4517 322 4576 123.
337 4513 368 4570 1).
382 4510 411 4567 L.
423 4510 448 4568 16
464 4513 502 4570 17.
516 4508 549 4566 (16
561 4507 709 4566 Decembre
723 4512 804 4575 1632;
818 4525 859 4582 ep.
875 4509 931 4566 126.
945 4505 978 4562 D.
991 4505 1021 4562 L.
1034 4507 1095 4566 165.
1109 4507 1310 4566 d'Aouet1633.
