3084 5056
653 361 845 461 A.

144 564 358 629 vulsionibus
386 562 481 629 multi
503 563 675 629 doctrinae
697 565 844 630 asseclae
866 564 1128 650 abripiebantur,
1153 564 1353 630 Convulsio-

143 668 229 732 narii
249 675 430 754 eapropter
458 667 538 732 dicti
552 667 589 748 ¹).
634 668 788 734 Feminae
811 688 948 754 quoque
970 677 1121 732 sanctum
1142 667 1241 732 istum
1264 668 1353 733 cole-

143 772 227 835 bant
242 792 304 834 suo
322 770 457 857 quidem
471 791 573 845 more,
598 773 650 835 cui
667 772 836 837 adversari
852 770 995 856 denique
1011 778 1112 857 atque
1128 792 1242 835 severe
1258 771 1352 836 renit‘

143 874 360 962 magistratus
371 874 488 960 jussus
505 881 565 942 est.
604 873 698 954 Quae
714 875 878 939 foeminae
895 873 992 960 quasi
1008 895 1027 936 a
1043 873 1203 939 daemone
1216 881 1355 939 vexatae

143 999 184 1042 ac
212 976 374 1062 impulsae
404 977 559 1042 omnibus
589 977 770 1064 pudicitiae
799 987 832 1043 et
862 976 995 1062 pietatis
1018 977 1148 1064 legibus
1170 976 1355 1064 refragatae

141 1080 337 1165 impiissima
360 1101 514 1166 quaeque
535 1082 756 1168 peragebant,
781 1081 931 1166 spiritum
948 1088 1098 1144 sanctum
1112 1081 1355 1167 impertiebant,

142 1184 276 1248 missam
291 1181 459 1269 legebant,
483 1181 614 1270 aliaque
630 1185 794 1271 ejusmodi
809 1184 978 1248 faciebant
989 1183 1025 1262 ¹).

209 1285 434 1372 Quamquam,
465 1286 546 1372 quid
570 1285 778 1352 sentiendum
801 1287 842 1352 de
863 1285 1030 1378 miraculis
1053 1285 1106 1349 his
1140 1285 1198 1361 sit,
1231 1284 1355 1358 exillo

143 1390 292 1487 eruitur„
311 1389 404 1476 quod
426 1389 467 1454 de
488 1389 525 1454 P.
547 1389 726 1456 Lamberto
748 1390 960 1456 dominicano
981 1389 1185 1454 Janseniano
1205 1389 1356 1474 inopere

143 1515 225 1558 suo:
249 1492 476 1579 „Exposition
498 1493 558 1557 des
573 1493 782 1579 predictions
798 1501 831 1558 et
847 1493 906 1558 des
924 1498 1136 1578 promesses“
1156 1490 1358 1556 Janseniana

141 1596 304 1663 laudante
327 1595 484 1680 miracula
506 1596 547 1660 ab
564 1597 677 1684 aliquo
694 1605 832 1662 auctore
848 1597 1018 1661 scribitur:
1043 1595 1109 1674 „Le
1125 1595 1161 1660 P.
1177 1594 1357 1682 Lamberty

143 1709 226 1765 veut
246 1698 329 1762 faire
351 1698 492 1763 admirer
514 1721 639 1766 comme
658 1701 720 1766 des
742 1699 900 1786 prodigos
921 1723 967 1764 un
983 1697 1133 1785 me'lange
1149 1699 1300 1763 lienteux
1316 1697 1357 1762 de

141 1802 269 1881 sableta,
293 1803 335 1868 de
357 1812 452 1867 tonrs
476 1802 517 1866 do
541 1802 651 1868 forces
675 1818 708 1868 et
730 1801 950 1888 d’impietea“
995 1802 1072 1880 „On
1099 1823 1140 1865 ne
1163 1810 1243 1886 peut
1264 1821 1358 1864 assez

144 1905 314 1970 s’dtonner
329 1903 384 1991 qu'
401 1927 444 1969 au
459 1905 541 1970 XIX
564 1904 673 1986 siecle,
698 1929 742 1970 un
758 1906 898 1982 homme,
923 1906 981 1991 qui
997 1927 1038 1968 ne
1051 1905 1179 1989 passait
1193 1925 1255 1989 pas
1270 1925 1359 1990 pour

146 2011 217 2089 fou,
239 2032 284 2072 uu
300 2007 471 2094 religieux,
487 2025 536 2073 uu
549 2008 753 2096 thdologien,
770 2010 816 2073 ait
830 2007 973 2094 imagine
988 2007 1147 2072 d’e'xalter
1162 2029 1282 2072 encore
1298 2007 1357 2072 des

150 2109 265 2176 sc'enes
288 2109 506 2190 rdvoltantes,
530 2111 590 2176 des
613 2113 814 2198 impostures
838 2111 1038 2187 manifestes,
1063 2110 1122 2176 des
1148 2089 1360 2196 blasphemes'

131 2214 437 2296 ·1nonstrueux¹).“
834 2197 840 2212 .

213 2316 331 2403 ltaque
353 2317 418 2381 boc
442 2317 538 2381 etiam
560 2316 661 2382 modo
680 2317 778 2382 sicuti
794 2317 1022 2383 aliihaere'tici
1039 2326 1277 2405 sogesserunt,
1303 2317 1361 2405 qui

149 2419 315 2485 miraculis
337 2441 356 2484 a
377 2419 502 2484 sanctis
525 2420 595 2484 suis
617 2420 715 2485 editis
738 2444 773 2485 se
789 2421 975 2507 jactabant.
1020 2419 1073 2484 Ita
1094 2420 1209 2485 Simon
1229 2420 1359 2508 Magus,

147 2527 194 2588 ita
209 2524 297 2610 magi
312 2521 495 2588 Pharaanis
515 2523 683 2588 miraculis
699 2524 938 2611 gloriabantur.
984 2524 1034 2588 lta
1050 2523 1176 2588 Paulus
1199 2523 1360 2590 Novatia·

148 2649 214 2692 nus
231 2626 403 2692 ecclesiam
419 2625 685 2690 Novatianorum
708 2627 749 2691 ab
767 2628 920 2693 incendio
937 2629 1112 2692 immunem
1128 2649 1361 2713 praeservasse

148 2741 183 2796 et
199 2751 318 2816 aquam
336 2729 565 2814 baptismalem
589 2751 606 2793 e
629 2729 779 2811 lavacro,
803 2731 846 2795 ad
867 2731 1129 2795 annuntiandum
1145 2729 1261 2795 Judaei
1278 2731 1360 2817 bap-

148 2835 248 2898 tisma
262 2832 338 2898 ficte
354 2833 500 2919 petentis
516 2832 640 2910 dolum,
664 2832 781 2898 iterum
797 2833 982 2921 iterumque
998 2833 1194 2899 defluentem
1212 2834 1362 2899 effecisse

148 2960 169 3001 a
194 2937 264 3001 suis
287 2935 437 3001 traditur.
484 2935 535 3000 Ita
551 2935 784 3022 Eutychianus
801 2937 936 3024 quidam
952 2935 983 3000 N
986 2938 1217 3002 ovatianorum
1233 2937 1362 3002 assecla

148 3040 288 3104 morbos
309 3039 482 3104 sanavisse
508 3047 609 3126 atque
631 3039 793 3104 mirabilia
814 3041 1000 3126 patravisse
1023 3040 1136 3106 fertur.
1181 3041 1232 3105 Ita
1255 3041 1361 3105 dona·

150 3147 252 3208 tistae
268 3143 430 3229 prodigiis
447 3152 480 3208 et
496 3144 660 3228 portentis
675 3143 716 3208 ab
737 3142 821 3228 ipsis
837 3143 962 3208 effectis
979 3165 1109 3230 semper
1124 3143 1361 3232 gloriabantur.
1433 3206 1436 3212 .

152 3246 314 3312 Miracula
336 3246 523 3333 producere
546 3269 582 3312 se
606 3247 799 3331 nestoriani,
828 3247 1029 3335 eutychiani,
1058 3247 1238 3336 hugouitti,
1261 3248 1362 3314 irvin·

153 3351 241 3436 giani
257 3349 542 3436 protestabantur.

216 3452 302 3519 Fieri
324 3475 428 3539 posse
451 3452 624 3530 miracula,
648 3451 893 3538 supernaturali
914 3453 1014 3518 modo
1036 3453 1177 3540 patrari,
1201 3451 1243 3516 ad
1265 3451 1363 3516 fidem

154 3555 437 3642 comprobandam
459 3556 528 3635 edi,
558 3564 748 3622 statuerunt
768 3555 993 3633 Jansenistae,
1023 3558 1105 3644 quin
1126 3558 1224 3620 immo
1245 3577 1362 3642 perpe·
1441 3637 1444 3646 4

153 3669 240 3726 trata
262 3681 336 3725 esse
352 3659 544 3746 hujusmodi
564 3659 716 3746 prodigia
732 3681 751 3724 a
767 3661 893 3724 sanctis
915 3683 995 3724 suae
1017 3670 1128 3726 sectae
1148 3667 1263 3745 aperte
1284 3682 1362 3746 pro-2

152 3763 342 3839 fitebantur‚
366 3763 553 3828 sanctitatis
574 3771 688 3827 notam
704 3765 956 3850 congregationi
979 3785 1058 3829 snae
1074 3772 1279 3850 arrogantes.
1323 3763 1361 3828 ln

152 3868 220 3932 hoc
242 3866 448 3941 novatianis,
479 3865 657 3930 donatistis
680 3866 821 3952 aliisque
843 3867 989 3952 priorum
1018 3876 1050 3932 et
1070 3875 1260 3932 nostrorum
1282 3873 1362 3931 tem·

153 3993 271 4058 porum
295 3969 470 4034 haereticis
494 3968 617 4034 similes
640 3991 675 4034 se
698 3969 937 4047 exhibuerunt;
961 3993 981 4034 a
1003 3970 1189 4036 lutheranis
1206 3978 1315 4034 autem
1331 3980 1364 4034 et

153 4073 356 4160 evangelicis
386 4073 449 4138 hac
479 4074 513 4136 in
546 4094 647 4137 causa
680 4073 830 4158 profecto
863 4074 960 4159 plana
987 4074 1209 4150 dietaverunt,
1254 4073 1364 4138 omnia

153 4177 313 4244 miracula
328 4176 608 4265 aggredientibus.
645 4174 800 4254 Quinimo
817 4178 1041 4242 commentitia
1056 4177 1223 4242 Francisci
1239 4175 1362 4242 domini

226 4435 248 4503 1)
268 4429 319 4487 Vie
337 4433 370 4486 de
387 4429 425 4486 M.
444 4431 572 4498 Francois
590 4432 623 4486 de
641 4430 726 4486 Paris.
764 4431 875 4486 Utrecht
895 4436 968 4490 1729.
1004 4431 1149 4486 Mernoires
1166 4449 1236 4503 pour
1252 4431 1363 4485 serviri

156 4520 284 4575 l'histoire
303 4517 506 4589 ecclesiastique
524 4519 643 4590 pendant
654 4521 678 4572 le
692 4520 873 4574 dix-huitibme
886 4521 974 4586 siecle,
992 4528 1047 4573 torn
1060 4519 1107 4574 IV.
1120 4519 1261 4585 Mosheim,
1278 4519 1362 4572 bisto-

155 4609 194 4662 ria
207 4605 389 4661 ecclesiastica
401 4613 456 4658 tom
469 4605 502 4656 V.
540 4604 708 4676 Montgoron,
726 4608 752 4659 la
765 4608 845 4661 verite
859 4607 906 4660 des
920 4607 1049 4672 miracles,
1068 4607 1145 4660 Paris
1160 4609 1234 4671 1737,
1254 4611 1328 4664 1747.

1162 4689 1201 4749 4*
