3084 5056
649 391 845 492 „3—1„

211 595 242 678 5)
267 593 638 682 „Semipelagianorum
669 603 720 661 est
749 597 874 671 dicere,
906 596 1072 664 Christum
1104 618 1164 683 pro
1196 593 1350 665 omnibus

144 701 281 764 omnino
304 698 496 764 hominibus
512 708 676 764 mortuum
695 723 767 766 esse
783 709 842 766 aut
857 702 1048 786 sanguinem
1065 700 1224 768 fudisse.“

208 802 240 887 6)
264 801 399 883 „Sensit
422 800 500 866 olim
522 802 684 884 Ecclesia,
709 805 868 890 privatam
892 804 1162 870 sacramentalem
1176 802 1348 890 poeniten·

144 904 224 969 tiam
242 905 462 991 propeccatis
479 906 621 971 occultis
637 928 706 971 non
722 906 906 972 sufficere.“
978 903 981 912 '

208 1009 240 1089 7)
265 1007 456 1086 „Naturalis
472 1009 598 1074 attritio
614 1010 745 1095 {sufficit
760 1009 801 1074 ad
818 1021 1056 1078 sacramentum
1073 1011 1329 1095 poenitentiae.“

209 1110 311 1176 Sexta
327 1119 359 1176 et
375 1112 515 1198 septima
529 1114 728 1198 propositio,
743 1123 782 1178 ut
797 1114 921 1178 dictum
935 1114 1097 1180 rescissae
1113 1122 1206 1180 sunt:
1222 1134 1350 1178 reman-

143 1217 262 1279 serunt
278 1215 426 1302 quinque
441 1215 525 1280 istae
541 1215 582 1280 ad
600 1216 852 1282 discutiendum.

207 1317 259 1382 Ex
280 1327 422 1404 utraque
444 1327 538 1404 parte
560 1341 660 1406 quum
679 1320 753 1384 dein
770 1321 925 1384 acerrime
940 1327 1154 1408 pugnaretur,
1178 1320 1350 1407 octoginta

141 1421 294 1508 quinque
311 1420 364 1485 vel
381 1422 555 1509 octoginta
572 1429 648 1486 octo
666 1422 815 1508 episcopi
833 1422 1007 1500 Gallicani,
1029 1422 1134 1487 literis
1150 1443 1237 1486 anno
1257 1421 1347 1486 1656.

141 1525 185 1587 ab
209 1521 359 1588 Haberto
384 1525 545 1611 episeopo
570 1524 749 1602 Vavrensi,
779 1526 820 1592 de
844 1527 992 1613 quinque
1021 1525 1173 1590 thesibus
1204 1525 1349 1609 scriptis,

141 1626 266 1714 quibus
288 1627 461 1712 praesules
482 1628 537 1691 isti
560 1628 752 1694 solemniter
773 1631 1052 1714 subscripserant,
1076 1649 1163 1692 anno
1188 1627 1348 1694 16611116

142 1729 192 1794 12.
209 1729 333 1815 Aprilis
350 1752 409 1816 per
429 1729 596 1795 dominum
613 1732 644 1796 le
665 1731 764 1819 Baily'
777 1733 818 1797 de
834 1731 1017 1818 Valencay,
1038 1732 1125 1818 regis
1142 1730 1347 1796 christianis·
1453 1783 1456 1792 .

140 1833 214 1897 simi
229 1834 263 1897 iu
283 1831 374 1898 Urbe
396 1841 570 1914 oratorem,
594 1856 724 1899 causam
747 1835 790 1900 ad
811 1835 1040 1900 Innocentium
1057 1834 1098 1899 X.
1115 1855 1235 1920 papam
1252 1835 1347 1898 detu-

139 1936 261 2012 lerunt,
291 1935 443 2001 undecim
475 1936 548 2001 aliis
575 1939 743 2024 episcopis
769 1937 864 2003 aliter
893 1939 1113 2003 sentientibus
1139 1945 1172 2002 et
1198 1938 1347 2024 quinque

143 2039 303 2104 articulos
326 2039 473 2104 nondum
498 2039 541 2105 ad
566 2062 702 2105 examen
725 2041 835 2128 adque
854 2041 1016 2127 judicium
1041 2041 1215 2106 vocandos
1229 2040 1346 2106 volen-

143 2143 246 2224 tibus,
271 2141 413 2228 epistola
434 2163 495 2228 per
509 2142 718 2208 Ludovicum
734 2143 775 2208 de
790 2143 823 2208 S.
840 2146 973 2224 Amour,
997 2144 1168 2210 doctorem
1184 2143 1345 2208 Serboni-

143 2266 227 2322 eum,
244 2245 283 2309 ad
301 2267 421 2331 papam
438 2246 490 2310 die
509 2247 556 2311 10.
569 2245 647 2310 Julii
664 2267 752 2312 anno
768 2247 858 2312 1651.
872 2249 981 2314 missa.
1012 2247 1169 2312 Pontifex
1183 2247 1345 2312 maximus

141 2371 230 2412 anno
256 2349 346 2417 1651.
372 2349 425 2414 die
456 2349 504 2414 12.
529 2349 651 2436 Aprilis
675 2351 935 2439 congregatione
958 2351 1106 2440 quinque
1130 2349 1345 2416 cardinalium

137 2451 229 2518 faeta
259 2491 299 2500 —
337 2453 391 2530 „in
424 2453 545 2540 quibua
576 2453 801 2520 Bernardinus
831 2453 959 2541 Spada,
990 2455 1059 2541 jam
1089 2461 1181 2529 ante,
1212 2455 1345 2519 vivente

138 2553 276 2622 Urbano
300 2555 399 2632 Vm,
423 2578 498 2620 eum
520 2555 705 2642 Synnichio
730 2566 762 2623 et
784 2558 900 2644 Papio,
923 2558 1181 2622 Lovaniensium
1204 2557 1342 2621 istorum

136 2658 268 2746 legatis,
299 2659 339 2724 de
365 2660 451 2723 Iibro
477 2657 626 2724 Jansenii
651 2659 808 2742 luctatus,
836 2669 869 2726 61
894 2661 1017 2726 Fabius
1045 2660 1194 2748 Chigius,
1226 2668 1345 2746 postea

136 2761 327 2828 Alexander
341 2761 415 2827 VII,
437 2765 557 2849 papa,“
577 2800 620 2810 -
641 2763 782 2828 maximo
802 2765 957 2828 examinis
982 2763 1093 2829 officio
1115 2763 1262 2844 functus,
1286 2763 1343 2828 ad·

132 2867 234 2954 jectis
264 2867 393 2932 Albinio
424 2867 619 2943 secretario,
650 2887 822 2930 assessore
852 2889 877 2932 s.
910 2866 1026 2946 officii,
1056 2867 1155 2931 Patre
1184 2865 1342 2930 Modesto

135 2972 279 3049 Annat0,
301 2971 377 3035 libri
399 2971 634 3058 approbatum,
659 2977 692 3034 et
712 2969 886 3034 duodecIm
904 2968 1156 3034 consultoribus
1172 2968 1342 3055 theologis

136 3097 178 3139 ex
204 3074 357 3138 ordinum
383 3073 517 3138 familiis
544 3072 755 3152 doctoribus,
784 3093 925 3160 qnorum
953 3072 1056 3158 aliqui
1081 3072 1167 3137 libro
1194 3072 1342 3137 Jansenii

134 3176 305 3252 favebant,
327 3178 475 3264 quinque
490 3176 741 3263 propositiones
757 3176 992 3241 examinandas
1008 3177 1146 3240 curavit.
1191 3175 1342 3260 Triginta

64 3321 68 3331 ·
134 3301 194 3344 sex
210 3281 388 3346 celebratis
403 3303 464 3368 per
477 3280 563 3345 duos
580 3301 687 3343 annos
703 3279 852 3366 integros
868 3279 1088 3354 sessionibus,
1112 3279 1232 3357 omnia,
1256 3298 1343 3365 quac

133 3382 195 3446 Pio
218 3383 259 3448 V.
284 3394 317 3448 et
340 3383 503 3472 Gregorio
532 3383 622 3449 XIII.
645 3383 861 3469 pontificibus
895 3383 929 3447 in
951 3404 1053 3448 eausa
1074 3383 1200 3470 Bajana
1223 3395 1256 3446 et
1278 3383 1341 3446 sub

134 3483 268 3550 Urbano
286 3487 374 3553 VIII.
392 3487 426 3552 in
440 3487 646 3553 Jansenitiea
662 3493 747 3568 acta,
763 3486 883 3552 deinde
899 3507 984 3574 quae
1001 3485 1043 3551 ad
1058 3485 1177 3550 librum
1192 3483 1342 3550 dansenii

134 3589 334 3674 pertinentia
358 3599 461 3668 erant,
484 3613 610 3658 summa
634 3590 814 3677 diligentia,
836 3592 978 3655 maxima
1001 3611 1094 3672 cura,
1119 3590 1243 3678 optima
1264 3588 1340 3665 fide,

134 3704 309 3776 praesente
325 3715 425 3779 saepe
441 3692 575 3758 Summo
592 3694 774 3781 Episcopo,
790 3703 932 3760 tractata
950 3702 1037 3760 sunt.

197 3795 249 3861 Ad
272 3796 463 3882 pontificem
486 3807 588 3884 atque
612 3798 903 3884 congregationem
928 3798 1164 3863 deliberantem
1188 3813 1206 3859 e
1232 3791 1341 3860 Gallia

131 3897 289 3964 doctores
313 3899 483 3964 sorbonici
505 3900 606 3987 legati
628 3911 851 3979 accesserunt,
874 3902 915 3966 ab
933 3910 1075 3987 utraque
1091 3907 1186 3984 parte
1200 3899 1337 3963 Romam

130 4001 232 4083 missi,
254 4003 303 4066 illi
326 4025 410 4068 anuo
435 4003 524 4069 1651.
548 4013 580 4069 et
603 4004 694 4083 1652,
719 4005 759 4069 ab
784 4005 954 4092 aliquibus
976 4003 1145 4090 episeopis
1166 4001 1339 4088 gallicanis

130 4103 293 4191 deputati,
323 4117 361 4171 ut
397 4108 647 4193 propositiones
678 4115 863 4186 tuerentur,
899 4108 932 4172 in
963 4107 1085 4196 quibus
1113 4105 1267 4170 dominus
1296 4103 1339 4168 de

128 4207 162 4272 S.
176 4208 319 4302 Amour,.
333 4209 377 4288 hi,
395 4231 507 4276 mense
523 4211 573 4276 24.
587 4211 668 4299 IIIaji
682 4211 772 4276 1652.
785 4213 922 4277 Romam
939 4209 1082 4298 appulsi,
1097 4217 1136 4274 ut
1149 4207 1340 4274 refellerent

127 4318 229 4398 atque
247 4334 422 4379 censuram
438 4322 593 4402 urgerent
604 4315 643 4400 ι),
658 4316 693 4379 in
709 4315 831 4402 quibus
854 4315 975 4380 doctor
990 4313 1159 4379 Hallerius
1175 4310 1337 4394 (Hallier).

127 4413 339 4483 dansenistae
362 4439 487 4484 moram
503 4418 634 4506 judicio
657 4417 828 4506 pontificio
849 4417 1006 4486 faciendo
1022 4416 1220 4505 producturi
1234 4422 1335 4504 atque

128 4571 326 4584 m..—

199 4639 220 4708 ¹)
241 4639 352 4696 Journal
366 4637 397 4696 de
411 4641 439 4696 S.
454 4645 562 4710 Amour,
577 4643 694 4698 Diarium
708 4642 740 4698 de
754 4642 782 4698 S.
794 4643 904 4712 Amour,
918 4641 989 4714 apud
1002 4638 1182 4698 Tournelium.
