3084 5056
760 374 801 440 85

678 463 880 473 ——n-

162 579 257 651 lapsae
287 595 341 631 non
372 579 515 650 requiritur
542 577 568 630 in
579 574 980 630 lieitlibertasaooaetioneeum
991 575 1161 642 fallibilitatis,
1180 594 1229 630 seu
1240 577 1394 630 necessaria

163 665 269 719 homine
286 664 398 718 libertas
417 660 675 718 aneoeesi-‘udioio
705 662 817 714 rationis
844 663 867 716 si
891 663 1034 716 consi-est
1056 662 1243 718 indefferentia
1270 663 1394 735 proxima

163 760 219 806 tate
232 751 360 816 naturali,
391 751 476 821 qualis
490 751 568 806 etiam
579 747 686 802 deretur
714 750 835 820 praeoise
863 749 981 804 essentia
991 749 1094 822 agendi,
1113 757 1140 804 et
1151 767 1204 804 non
1218 749 1321 823 agendi,
1340 767 1394 821 qua

164 839 296 910 reperitur
314 839 340 891 in
359 839 474 891 motibus
494 837 568 892 iude·
578 833 717 900 libertatis,
735 844 762 889 et
777 836 871 902 meriti,
888 836 1115 906 quam-voluntas
1128 838 1259 892 instructa
1271 837 1393 892 omnibus

164 925 293 989 liberatis,
313 923 362 978 sed
380 923 478 980 suffieit
495 922 1025 990 meraquamextationestatussem·ad
1044 921 1175 993 agendum
1192 922 1394 995 praerequisitis

163 1010 463 1064 libertssaeoaetione.
578 1025 627 1078 per
654 1005 803 1077 reperiatur
829 1007 981 1062 indifferen·
990 1026 1041 1080 pro
1052 1027 1102 1062 suo
1111 1016 1177 1064 nutu
1186 1009 1266 1064 modo
1274 1027 1304 1064 se
1314 1009 1396 1064 flectit

198 1097 274 1151 Haeo
296 1099 450 1170 propositio
474 1097 567 1152 haere·
578 1093 618 1146 tia
635 1095 772 1164 potentiae
789 1111 843 1164 qua
855 1094 979 1149 voluntas
991 1095 1017 1147 in
1040 1111 1093 1148 una
1116 1102 1234 1166 partem,
1262 1093 1342 1150 modo
1369 1095 1395 1147 in

163 1185 218 1238 tiae
247 1191 302 1250 est,
338 1183 492 1240 calviniana
523 1180 657 1238 autetiam
680 1181 730 1232 sub
752 1181 840 1252 gratia
857 1182 979 1252 proxime
992 1181 1173 1253 oppositam

164 1270 325 1325 Lutherana.
577 1267 732 1320 necessaria
745 1275 773 1320 et
790 1255 981 1323 exsaeffioaoe
1026 1267 1196 1324 sustinemus
1225 1286 1257 1324 ae
1281 1268 1391 1324 demon·

578 1352 819 1424 potestnonvelle,
829 1361 981 1409 nontamen
991 1361 1078 1409 strare
1099 1356 1186 1428 parati
1211 1373 1303 1410 sumus
1326 1356 1394 1410 hano

578 1449 743 1511 utunrquam
762 1441 839 1494 simul
858 1459 917 1495 eum
936 1460 981 1496 ea·
991 1443 1218 1514 propositionem,
1254 1461 1323 1514 quae
1353 1451 1396 1497 est

512 1532 513 1535 ’
578 1527 638 1580 dem
650 1529 736 1598 gratia
747 1545 802 1580 non
814 1528 884 1582 velit.
990 1527 1119 1596 Molinae,
1132 1536 1158 1583 et
1173 1529 1396 1596 adversariorum,

613 1613 791 1680 sustinemus,
815 1632 847 1668 ae
871 1615 981 1669 demon·
991 1613 1163 1686 Pelagianam
1178 1633 1248 1682 esse,
1261 1616 1394 1688 quiagra-

579 1709 665 1754 strare
689 1705 776 1772 parati
801 1719 893 1755 sumus
914 1703 982 1756 hane
991 1703 1044 1756 tiae
1054 1719 1087 1754 ex
1098 1720 1127 1755 se
1138 1703 1253 1766 efficacis
1264 1702 1298 1756 ad
1308 1703 1396 1776 singu·

578 1789 791 1860 propositionem
805 1806 866 1844 esse
881 1788 981 1843 Catho·
991 1787 1034 1842 los
1052 1787 1160 1859 pietatis
1176 1797 1254 1866 actus«
1269 1807 1396 1844 necessa-

578 1873 664 1940 lioam,
678 1882 705 1928 et
717 1875 947 1946 Augustinianam.
991 1875 1047 1928 riae
1059 1875 1265 1946 possibilitatem
1275 1876 1397 1931 destruit.

991 1962 1083 2032 Atque
1093 1962 1131 2014 ita
1141 1962 1303 2017 declaratum
1316 1973 1360 2018 est
1370 1965 1397 2018 ia

994 2046 1212 2120 congregatione
1229 2048 1350 2109 Romana
1365 2050 1398 2107 do

993 2135 1116 2190 auxiliis.

634 2286 932 2371 (tuartalbopositio.

616 2387 758 2440 Fabrieata
779 2395 806 2441 et
827 2388 950 2444 exhibita.

243 2512 502 2602 Semipelagiani
536 2509 756 2576 admittebant
784 2511 1031 2596 praevenientis
1064 2513 1190 2600 gratiae
1219 2515 1390 2584 interioris

180 2621 414 2686 necessitatem
431 2617 473 2682 ad
490 2613 643 2702 singulos
660 2622 756 2678 aetus
772 2614 870 2677 etiam
887 2614 929 2678 ad
946 2615 1077 2711 initium
1089 2616 1175 2682 fidei.
1214 2617 1259 2683 Et
1273 2619 1307 2684 in
1322 2619 1390 2686 hoo

180 2731 275 2789 erant
288 2719 474 2795 Haereteei,
492 2716 585 2806 quod
601 2715 726 2780 vellent
741 2738 812 2781 eam
835 2717 974 2804 gratiam
996 2717 1097 2784 talem
1113 2741 1187 2784 esse
1203 2723 1257 2786 cui
1272 2732 1391 2809 posset

178 2826 324 2892 humana
339 2824 499 2892 voluntas
519 2817 675 2886 resistere
690 2817 745 2883 vel
761 2819 1000 2907 obtemperare.

225 2963 328 3016 Sensus
341 2961 509 3024 Haeretieus,
642 2954 745 3019 Quarta
757 2955 921 3027 Propositio,
1054 2957 1209 3030 Propositio
1224 2959 1342 3024 Quartae

165 3049 212 3121 qui
244 3056 356 3120 quartae
390 3044 570 3120 propositioni
580 3048 611 3095 ut
634 3057 650 3093 a
673 3042 751 3094 nobis
775 3043 930 3114 intelligitur
953 3047 1136 3112 aeeontraria,
1150 3047 1224 3100 utab
1237 3046 1397 3102 adversariis

164 3133 484 3208 maligneaffingiposset,
492 3149 570 3202 quem
701 3129 858 3183 defenditur.
1119 3133 1276 3188 detenditur.

166 3229 256 3276 tamen
268 3222 385 3292 legitime
398 3228 506 3292 sumpta
517 3235 571 3271 non
616 3217 821 3288 semipelagiani
829 3216 973 3270 admitteba
1029 3217 1233 3292 semipelagiani
1243 3238 1296 3275 non
1304 3220 1398 3276 admit·

326 3309 415 3362 habet.
581 3303 776 3376 praevenientis
797 3304 899 3375 gratiae
916 3305 984 3358 inte·
994 3304 1285 3377 tebantpraevenientis
1293 3307 1397 3380 gratiae

203 3393 297 3447 Gratia
327 3393 427 3448 Christi
458 3407 571 3464 praere·
582 3391 661 3444 rioris
679 3391 868 3445 necessitatem
887 3391 921 3446 ad
934 3391 985 3445 sin·
995 3391 1126 3446 interioris
1151 3393 1339 3450 necessitatem
1363 3394 1398 3448 ad

168 3477 243 3533 niens
266 3481 328 3534 talis
355 3488 398 3534 est
415 3487 445 3533 ut
461 3479 570 3532 liberum
583 3478 660 3549 gulos
696 3485 776 3580 aetuq
805 3479 983 3551 imperfectos,
995 3479 1116 3551 singulos
1135 3488 1210 3535 actus
1223 3481 1396 3554 imperfectos

168 3567 302 3620 arbitrium
333 3567 446 3620 hominis
477 3567 509 3618 ab
540 3583 572 3620 ea
583 3565 661 3619 etiam
674 3565 709 3618 ad
721 3564 822 3619 initrum
832 3565 906 3632 fidei3
920 3575 947 3620 et
958 3567 984 3619 in
994 3585 1043 3620 neo
1055 3573 1088 3620 ad
1101 3567 1203 3622 initium
1214 3568 1289 3634 fidei3
1307 3587 1356 3624 neo
1369 3571 1396 3623 in

168 3661 269 3707 motum
300 3662 327 3708 et
352 3653 493 3707 excitatum
518 3651 632 3706 nonhoe
662 3653 795 3706 haeretice
826 3653 977 3706 sentiebant
994 3654 1045 3706 hoe
1066 3655 1192 3708 errabant
1209 3655 1282 3726 quod
1299 3655 1398 3710 vellent

167 3741 257 3812 possit
280 3741 429 3806 dissentire,
454 3740 477 3794 si
500 3741 570 3797 velit.
582 3738 656 3808 quod
681 3739 779 3793 vellent
797 3755 855 3792 eam
872 3741 984 3810 gratiam
996 3758 1054 3794 eam
1066 3743 1178 3812 gratiam
1190 3743 1270 3796 talem
1283 3761 1353 3810 esse,
1366 3753 1396 3798 ut

167 3827 253 3881 Aliter
271 3827 359 3881 dicere
380 3825 662 3899 Semipelagia-talem
681 3844 743 3880 esse
760 3833 790 3880 ut
806 3826 930 3880 voluntas
949 3827 985 3901 illi
995 3846 1029 3882 ex
1041 3845 1071 3882 se
1084 3829 1179 3882 eilieax
1190 3837 1335 3884 nonesset.

166 3931 229 3966 num
242 3921 291 3966 est.
580 3931 631 3985 pro
643 3921 709 3968 nutu
721 3931 771 3967 suo
788 3913 985 3984 obtemperaret
1029 3914 1197 3970 sustinemus
1227 3934 1258 3970 ae
1288 3916 1398 3971 demon-

581 4000 622 4054 vel
641 4017 699 4054 eam
717 4007 867 4072 respueret,
889 4017 937 4054 seu
955 4008 985 4054 ut
995 4007 1082 4055 strare
1102 4002 1190 4072 parati
1213 4019 1306 4056 sumus
1329 4002 1398 4057 hano

581 4103 614 4140 ex
627 4104 658 4140 se
670 4085 766 4140 efficax
777 4105 832 4140 non
842 4093 923 4141 esset
994 4087 1219 4158 propositionem,
1254 4106 1324 4159 quae
1356 4097 1399 4144 est

615 4173 784 4228 Sustinemus
813 4191 845 4228 ao
875 4174 983 4228 demon·
993 4171 1112 4227 Molinae
1131 4181 1158 4228 et
1175 4173 1398 4242 adversariorum,

580 4266 667 4314 strare
690 4260 777 4332 parati
801 4279 893 4316 sumus
916 4259 1165 4332 hanePelagianam
1183 4270 1230 4315 aut
1250 4259 1398 4334 Semipela-

579 4347 793 4418 propositionem
811 4367 864 4420 qua
876 4349 911 4403 ad
927 4349 982 4421 pri·
993 4348 1099 4420 glanem
1118 4364 1187 4414 esse,
1211 4347 1275 4420 quia
1293 4348 1397 4420 gratiae

562 4450 648 4486 ¹mam
667 4442 779 4505 partem,
797 4453 865 4506 quae
878 4444 984 4508 spectat
993 4433 1108 4488 efficacis
1128 4433 1162 4487 ad
1180 4434 1300 4507 singulos
1320 4443 1397 4489 aetus

581 4521 766 4590 quaestionem
776 4521 846 4589 sacti,
861 4541 923 4578 esse
935 4542 982 4578 ve·
991 4523 1141 4576 necessitas
1152 4520 1309 4576 catholicam
1318 4523 1397 4576 iidem

580 4625 649 4664 ram:
661 4625 713 4680 quo
724 4608 758 4664 ad
768 4609 980 4666 secundamvero
991 4608 1214 4666 etsimulomnem
1221 4607 1395 4684 s.Augustini

1161 4693 1196 4754 3.
