3084 5056
737 267 793 339 20*
827 269 828 274 ’

152 467 263 556 Italic,
286 498 329 542 on
352 493 394 542 ne
410 477 494 553 scalt
515 477 583 540 rien
605 475 646 541 de
666 476 701 541 la
720 475 870 542 doctrine
892 476 933 541 de
954 477 1091 542 Lessiua
1113 499 1170 542 sur
1190 499 1245 542 ces
1268 477 1355 542 deux

155 581 277 667 points.
323 579 362 644 Jo
383 579 478 666 feray
493 579 526 644 la
545 601 667 644 mesme
690 587 851 668 enqueste
872 601 934 665 par
947 579 997 645 les
1012 578 1218 646 Universitez
1235 580 1354 645 d’Alle-

152 707 285 773 magne,
309 706 366 748 car
382 684 418 770 je
439 705 480 748 ne
503 683 605 748 doute
627 705 691 770 quc
712 706 749 748 ce
769 706 811 747 ne
832 705 906 748 sera
927 705 989 768 pas
1005 683 1039 747 la
1054 682 1202 748 derniere
1218 690 1355 770 attaque

155 809 220 874 que
245 807 332 852 nous
355 807 480 851 aurons
503 808 560 851 sur
582 807 619 851 ce
642 787 739 873 sujet.
764 826 798 835 -
825 786 871 852 Le
895 786 1012 852 Concil
1036 785 1077 850 de
1100 785 1290 852 Dordrecht
1305 794 1356 851 cst

155 889 290 959 achevd.
334 889 380 954 Ils
397 890 529 956 suivent
549 890 684 976 presqu’
700 891 914 954 entierement
933 889 968 954 la
983 888 1134 955 doctrine
1156 887 1355 954 666661116-
1377 967 1380 972 1

152 995 262 1081 liquos
285 1016 327 1058 au
350 992 412 1058 fait
433 994 474 1058 de
489 993 523 1056 la
536 992 815 1071 Prcdestination,
840 1001 873 1058 et
887 993 1116 1078 reprobation,
1140 992 1356 1058 retranchant

155 1106 230 1162 tout
246 1120 283 1163 ce
300 1097 379 1184 qu’il
394 1120 416 1183 y
432 1097 524 1161 avoit
539 1095 662 1184 d'aigre
679 1119 718 1162 66
735 1095 897 1183 l'opinion
914 1095 954 1160 de
968 1095 1099 1174 Calain3
1116 1095 1242 1160 hormis
1258 1095 1355 1183 qu'ils

152 1200 339 1286 retiennent
361 1200 395 1264 la
419 1199 580 1264 certitude
602 1200 642 1264 de
664 1199 698 1264 la
718 1197 997 1278 Prodestination,
1022 1206 1054 1264 et
1075 1198 1132 1264 l’in
1148 1196 1356 1264 amissibilitd

153 1303 194 1368 de
209 1303 243 1368 la
253 1303 385 1389 justice,
403 1311 436 1367 et
451 1302 614 1390 quelques
631 1311 743 1366 autres
758 1302 868 1367 fautes
880 1301 940 1386 ¹).“

216 1406 388 1494 Synodum
412 1405 660 1470 Dordraoenam
684 1427 704 1469 a
726 1404 931 1470 calvinianis
962 1425 1050 1468 anno
1083 1403 1173 1470 1618.
1205 1411 1237 1468 et
1264 1403 1355 1468 1619.

153 1509 251 1595 (Nov.
271 1509 352 1574 1618
367 1546 410 1557 -
424 1508 493 1573 Mai
511 1508 614 1592 1619.)
636 1517 786 1573 coactam
808 1515 905 1594 putat
929 1507 1114 1574 doctrinam
1129 1506 1198 1572 fere
1214 1506 1356 1571 catholi-

120 1631 123 1638 ’
153 1635 223 1678 cam
247 1611 288 1676 de
309 1611 614 1698 praedestinatione
631 1620 663 1678 et
682 1613 920 1698 reprobatione
937 1610 1078 1687 tradere,
1103 1632 1189 1697 quae
1205 1609 1357 1698 synodus
1412 1683 1415 1689 ¹

152 1716 194 1780 de
209 1715 458 1802 Reprobatione
480 1714 546 1778 hoc
569 1715 700 1780 statuit:
725 1715 809 1792 „Dei
830 1714 989 1780 voluntas
1007 1713 1184 1778 damnandi
1200 1722 1356 1798 peccato-

150 1841 203 1884 res
228 1827 366 1905 propter
388 1827 562 1902 peccatum
588 1839 655 1882 non
681 1827 733 1882 est
760 1819 927 1882 decretum
953 1817 1212 1902 reprobationis.
1264 1815 1357 1880 Deus

152 1943 219 1986 non
256 1921 405 1987 decrevit
441 1921 594 1985 omnibns
625 1920 814 1986 bominibus
851 1921 930 1986 dare
961 1920 1100 2008 gratiam
1131 1919 1358 1994 sufficientem,

152 2026 248 2112 cujus
263 2023 425 2090 beneficio
442 2024 565 2088 salvari
583 2025 723 2110 possint.
762 2025 853 2090 Deus
870 2046 938 2088 non
956 2022 1186 2088 subministrat
1202 2022 1356 2087 omnibus

150 2129 343 2194 hominibus
372 2129 571 2204 necessaria,
601 2136 634 2192 et
659 2127 859 2192 sufficientia
884 2127 993 2192 media
1018 2125 1059 2190 ad
1088 2125 1226 2190 salutem
1255 2125 1356 2212 idque

151 2255 225 2298 cum
251 2231 435 2295 intentione
462 2229 624 2294 salvandi.
669 2230 746 2295 Non
769 2240 881 2297 rectus
904 2252 987 2294 usus
1010 2227 1191 2293 mediorum
1215 2249 1283 2292 non
1307 2236 1358 2291 est

152 2356 256 2400 causa
277 2333 556 2420 reprobationis.“
600 2333 723 2398 Eadem
749 2333 900 2422 synodus
924 2332 1108 2396 doctrinam
1131 2330 1358 2395 Calvinianam

151 2438 217 2502 hoc
240 2437 340 2502 modo
366 2427 549 2502 summatim
573 2437 758 2523 praedicat:
782 2436 963 2501 Distinctio
984 2435 1044 2498 illa
1065 2434 1191 2521 gratiae
1211 2435 1244 2498 in
1267 2431 1357 2498 sufii-

152 2543 290 2606 cientem
315 2548 348 2605 et
370 2540 535 2605 efficacem
559 2542 687 2620 (sinon
711 2540 752 2605 66
774 2539 919 2604 externis
941 2537 1068 2614 mediis,
1090 2537 1150 2601 sed
1171 2536 1213 2600 de
1229 2559 1307 2602 vero
1325 2545 1359 2601 et

149 2647 280 2711 interno
300 2643 436 2729 spiritus
452 2651 561 2708 tractu
576 2643 766 2731 loquamur)
790 2643 919 2708 minime
936 2641 1035 2706 nobis
1052 2640 1221 2726 probatur.
1266 2639 1357 2704 Reti-

151 2758 229 2813 neat
251 2769 321 2812 eam
339 2746 400 2810 sibi
423 2745 642 2812 Bellarminus
659 2755 692 2812 et
717 2746 898 2825 Arminius3
923 2765 1144 2832 quoscunque
1161 2744 1245 2807 enim
1262 2743 1357 2828 spiri·

151 2860 205 2915 tus
222 2859 360 2915 sanctus
376 2849 490 2928 trahit,
513 2849 580 2914 illis
597 2873 662 2915 non
679 2858 805 2915 tantum
822 2851 880 2915 dat
897 2871 997 2936 posse
1015 2869 1156 2925 currere,
1173 2847 1231 2912 sed
1250 2847 1356 2924 etiam,

151 2965 187 3018 ut
209 2955 321 3039 reipsa
336 2960 501 3017 currant.“

214 3055 301 3120 Ecce
324 3062 413 3119 certe
435 3053 631 3133 doctrinam,
653 3077 750 3142 quam
767 3055 946 3120 lansenius
962 3055 1033 3141 ipse
1050 3059 1274 3140 persequutus
1290 3053 1355 3117 est!

55 3150 57 3154 ⁵
151 3158 262 3240 Quare
286 3167 319 3223 et
342 3157 461 3222 librum
483 3157 690 3222 Gomaristae
712 3158 869 3224 haeretici
893 3157 1075 3245 cujusdam,
1091 3193 1132 3206 -·
1148 3155 1356 3221 Gomaristae

151 3271 229 3328 sunt
251 3261 400 3327 asseclae
417 3261 562 3337 Gomari,
586 3261 772 3326 Calviniani
790 3261 997 3326 Professoris
1020 3259 1217 3324 Leodiensis
1239 3267 1356 3323 contra

151 3367 336 3432 doctrinam
359 3365 400 3430 de
422 3365 727 3451 praedestinatione
752 3364 1018 3450 temperatiorem
1041 3385 1080 3427 ao
1101 3363 1354 3428 moderatiorem

152 3471 194 3534 ab
222 3469 369 3535 Arminio
394 3467 591 3533 Professore
617 3470 692 3532 item
719 3468 871 3532 leidensi
899 3466 1086 3532 absolutam
1109 3466 1237 3532 Calvini
1260 3488 1354 3552 prae·

152 3573 405 3638 destinationem
422 3571 590 3658 rejiciente
606 3571 757 3636 traditam
773 3571 936 3648 reluctati,
949 3607 990 3618 -
1003 3579 1120 3636 contra
1131 3570 1353 3634 Arminianum

153 3675 331 3764 quendam,
355 3676 412 3764 qui
427 3675 574 3740 libellum
595 3675 761 3740 titulatum
785 3673 1016 3762 „l)isquisiti0,
1034 3695 1075 3737 an
1091 3671 1273 3760 Pelagiana
1288 3674 1356 3739 sint

152 3801 192 3846 ea
207 3779 374 3866 dogmata,
399 3801 484 3866 quae
500 3801 588 3843 nunc
604 3779 666 3843 sub
683 3801 723 3843 eo
744 3778 875 3842 nomine
897 3777 1152 3854 traducuntur‚“
1167 3797 1255 3841 anno
1274 3777 1354 3842 1622

154 3883 305 3950 ediderat
313 3882 355 3968 2),
373 3883 554 3948 exhibitum
570 3882 695 3964 laudat,
712 3903 931 3970 cognoscens,
947 3881 1062 3946 iisdem
1081 3903 1116 3944 se
1133 3901 1168 3944 66
1184 3881 1356 3968 principiis

152 3985 344 4064 adhaerere,
365 3993 400 4051 ‘et
420 3985 535 4050 iisdem
556 3985 590 4050 S.
612 3985 788 4073 Augustini
810 3985 907 4050 dictis
923 3990 1131 4060 concertare3
1154 3981 1354 4049 desuitarum

152 4097 185 4157 et
212 4090 454 4156 catholicorum
481 4089 618 4154 eandem
644 4099 745 4176 atque
774 4088 1041 4156 Arminianorum
1065 4085 1248 4152 doctrinam
1281 4109 1355 4152 6666

153 4193 336 4276 contendit,
364 4191 550 4286 cathplioos
577 4213 739 4259 accusans
765 4213 839 4258 6666
863 4190 1082 4265 Arminianos,
1107 4197 1146 4256 ut
1170 4189 1355 4257 doctrinam

157 4349 350 4364 ...μευ-..η

227 4434 248 4501 1)
267 4431 317 4506 up.
333 4436 374 4491 12.
388 4429 421 4484 66
432 4429 550 4485 Lourain
562 4432 613 4488 l’an
627 4430 701 4490 1620.

222 4519 249 4598 ²)
268 4518 317 4596 Ep.
331 4522 373 4578 35.
391 4519 431 4573 De
449 4519 567 4575 Lourain
579 4520 603 4574 le
612 4519 677 4594 jour
689 4519 722 4574 de
735 4517 763 4575 S.
777 4513 844 4574 dean
856 4523 948 4574 vostre
960 4511 1060 4576 Patron
1073 4513 1124 4576 l'an
1144 4514 1218 4580 1612.
