3050 5046
728 325 770 393 93

136 531 182 599 de
211 555 250 598 sa
278 532 362 597 libre
391 532 540 601 volonte'.
587 532 684 615 e’est,
715 553 843 598 comme
874 551 917 594 on
940 531 1021 608 voit,
1050 530 1084 598 la
1112 530 1351 618 reproduction

135 636 185 701 dn
216 636 336 723 dogma
365 657 430 720 peu
459 634 578 700 libcral
605 633 730 723 preche'
760 635 845 700 daus
878 635 910 700 le
943 632 1043 700 siecle
1076 633 1259 721 precedent
1291 658 1352 722 par

135 739 307 805 Calain..
325 789 332 804 .
354 739 415 821 ¹).“

202 842 396 908 Jansenium
426 840 571 929 deniquo
606 863 740 907 suarum
771 842 912 927 partium
947 862 1021 906 esse
1049 841 1253 906 calvinistae
1286 843 1352 928 ipsi

134 946 228 1011 clare
250 946 489 1032 probaverunt,
511 966 607 1009 sua-m
629 945 719 1010 illius
742 945 915 1010 doctrinae
944 945 986 1010 de
1016 945 1122 1032 gratia
1147 945 1353 1031 respondere

133 1049 296 1118 confessi.
342 1047 535 1114 Orationem
559 1049 708 1136 legamus
724 1070 743 1112 a
762 1047 892 1112 Joanne
916 1047 1062 1112 Henrico
1088 1047 1181 1113 Ottio
1205 1050 1237 1112 in
1261 1070 1350 1136 pago

133 1153 314 1240 Tigurino,
329 1153 471 1217 ministri
482 1152 528 1216 rei
543 1151 698 1238 publicae
710 1160 743 1218 et
754 1151 960 1237 professoris
974 1152 1202 1217 universitatis
1218 1175 1351 1218 munere

133 1257 256 1322 functo
272 1254 468 1339 habitam²l.

204 1359 436 1446 „Theologiae
471 1358 684 1444 principium,
714 1379 809 1422 sacra
837 1367 888 1421 est
915 1358 1097 1443 scriptum
1127 1358 1175 1422 sic
1204 1358 1296 1422 basis
1320 1368 1353 1423 et

139 1462 472 1549 praedestinationis,
496 1469 529 1526 et
552 1461 680 1535 salutis,
704 1460 757 1524 dei
780 1469 831 1524 est
847 1461 963 1547 gratia.
1007 1460 1147 1526 Immota
1162 1461 1245 1526 hacc
1261 1463 1351 1546 prin·

139 1566 239 1652 cipis,
263 1565 398 1652 quantis
422 1563 587 1640 diabolus,
618 1564 758 1651 ejusque
779 1564 943 1650 mancipia
974 1563 1163 1629 convellere
1192 1565 1351 1630 arietibus

137 1677 305 1755 perpetuo
323 1669 513 1755 sategerint,
537 1678 638 1753 atque
654 1677 812 1744 evertere,
835 1689 932 1732 nemo
949 1675 1009 1742 est,
1033 1668 1091 1754 qui
1106 1668 1254 1754 ignoret:
1277 1690 1350 1732 cum

137 1772 265 1860 primis,
288 1793 368 1836 vero
392 1771 500 1857 palam
525 1781 586 1847 est,
610 1793 649 1835 ac
672 1770 880 1835 manifestum
904 1772 1038 1858 quantis
1061 1771 1198 1847 viribus,
1222 1773 1349 1837 conati·

141 1877 273 1962 busque
294 1875 423 1938 romani
444 1873 620 1960 pontifices
642 1896 824 1961 eorumque
844 1874 1036 1948 dictatores,
1061 1873 1154 1940 Ultra
1170 1895 1268 1960 quam
1284 1874 1350 1940 dici

139 1979 266 2064 possit,
303 1977 449 2044 nefando
487 1999 572 2042 ausu
610 1991 786 2063 opponant
823 2000 858 2041 se
894 1977 1003 2052 hisce,
1041 1987 1142 2064 atque
1180 1979 1349 2064 objiciant.

140 2082 253 2147 Testis
275 2080 395 2146 horum
416 2080 645 2146 Tridentinum
662 2080 846 2146 Concilium
868 2079 1096 2166 plenissimus;
1120 2091 1224 2146 testes
1240 2083 1351 2147 omnia

146 2185 415 2249 Romanistarum
446 2184 584 2270 scripta,
615 2191 717 2271 atque
744 2184 907 2248 instituta.
966 2183 1034 2249 Sed
1064 2184 1148 2250 bene
1178 2193 1230 2249 est
1258 2187 1350 2272 quod

144 2287 294 2354 Christus
316 2287 450 2352 unicum
480 2287 640 2353 ecclesiae
669 2294 781 2373 caput,
810 2309 880 2363 rex,
909 2287 1085 2373 propheta,
1116 2299 1149 2354 et
1179 2289 1348 2370 sacerdos,

146 2391 250 2457 eidem
285 2399 351 2456 tam
385 2390 528 2456 fideliter
561 2388 727 2479 invigilet:
766 2391 851 2456 bene
886 2391 997 2478 agitur
1027 2414 1102 2456 cum
1131 2391 1196 2456 hac
1227 2391 1349 2460 Christi

142 2494 293 2572 ecclesia,
324 2493 418 2581 quod
446 2493 504 2560 illa
532 2515 601 2558 non
630 2503 758 2559 tantum
789 2494 1010 2570 solidissimis,
1041 2517 1079 2559 ac
1108 2495 1348 2562 immortalibus

140 2597 379 2685 prophetarum
403 2606 436 2662 et
458 2598 700 2682 apostolorum,
723 2607 761 2663 ut
784 2607 817 2663 et
839 2599 978 2663 caeteris
1001 2599 1240 2663 consentientis
1264 2603 1347 2665 anti·

137 2702 278 2790 quitatis
293 2700 518 2766 fundamentis
534 2710 764 2786 superstructa
780 2709 841 2778 cst,
857 2722 897 2765 ac
912 2700 1095 2777 aedificata,
1119 2722 1232 2766 verum
1249 2704 1345 2770 etiam

137 2805 232 2892 quod
257 2827 299 2869 ex
320 2805 405 2890 ipsis
427 2803 674 2890 pontificiorum
698 2804 850 2869 coetibus
873 2804 965 2880 varii,
988 2805 1078 2890 iique
1093 2826 1160 2869 non
1178 2809 1347 2892 postremi,

137 2929 261 2973 causae
276 2917 412 2972 nostrae
427 2907 571 2973 bonitati
591 2907 816 2992 suffragentur
829 2906 973 2984 tandem,
997 2908 1094 2995 eique
1109 2909 1346 2995 amplissimum

136 3012 364 3077 testimouium
389 3010 597 3096 perhibeant.
620 3047 662 3060 -
685 3008 785 3090 Quod
810 3032 909 3096 quam
931 3011 1078 3088 evidens,
1102 3012 1147 3077 sit
1169 3014 1250 3077 satis
1267 3035 1347 3078 con·

136 3114 218 3190 fido,
243 3135 353 3202 pauca
375 3114 459 3180 haec
480 3112 564 3178 folia
586 3113 825 3178 demonstrant.
871 3113 921 3178 Dc
944 3113 1079 3180 duobus
1102 3121 1210 3180 autem
1233 3117 1348 3182 inillis

137 3220 250 3306 agitur
264 3219 455 3304 praecipue,
472 3237 612 3306 quorum
626 3217 765 3304 primum
777 3217 819 3282 de
831 3217 937 3282 libero
954 3218 1102 3296 arbitrie,
1117 3219 1160 3284 de
1174 3219 1347 3298 electione,

138 3331 173 3388 et
196 3322 346 3386 annexis.
391 3319 591 3397 Secundum,
614 3321 656 3386 de
676 3320 780 3386 Sacra
800 3319 983 3407 Scriptura.
1033 3321 1170 3388 Praeter
1184 3323 1347 3409 plurimos

138 3445 269 3490 errores
292 3425 416 3511 quibus
438 3431 531 3490 totus
547 3433 656 3490 scatet
674 3424 834 3510 Papatus,
857 3425 890 3488 in
906 3423 959 3489 his
975 3425 1073 3490 etiam
1087 3425 1345 3492 fundamentali-

136 3529 201 3594 bus
217 3550 257 3593 ac
272 3528 386 3614 primis
408 3528 589 3614 principiis,
608 3527 732 3593 titubat
751 3528 849 3592 valde
864 3537 966 3615 atque
981 3528 1129 3594 fluctuat.
1174 3529 1212 3593 ln
1227 3531 1344 3598 Jause·

137 3633 242 3698 nitico
272 3633 409 3720 negotio
433 3631 674 3718 constringitur
695 3632 878 3697 arctissime
901 3632 1067 3720 utrimque
1090 3643 1191 3720 atque
1215 3643 1346 3702 tenetur

136 3736 238 3822 Papa,
261 3735 346 3800 adeo
361 3744 400 3799 ut
409 3735 477 3822 jam
494 3735 619 3800 multos
635 3757 752 3813 annos,
773 3759 862 3800 nunc
879 3757 958 3801 vero
975 3759 1072 3824 quam
1089 3740 1237 3816 maxime,
1254 3740 1344 3807 haud

139 3839 240 3906 facile
263 3839 362 3915 norit,
385 3859 453 3926 quo
477 3861 514 3904 se
535 3849 673 3917 vertere,
697 3841 751 3904 cui
767 3863 802 3904 se
819 3841 905 3924 parti
920 3840 1084 3918 addicere,
1106 3864 1168 3928 pro
1185 3865 1253 3930 qua
1268 3867 1343 3910 sen·

137 3944 277 4009 tentiam
300 3943 388 4008 ferre
413 3950 577 4028 oporteat.
623 3943 659 4008 In
685 3945 771 4030 ipsis
792 3943 883 4008 Fidei
907 3945 1090 4031 principiis,
1114 3955 1230 4012 contra
1252 3947 1345 4016 Fidei

134 4133 335 4144 ———-——

209 4233 232 4298 Ι)
250 4228 382 4286 Nouvclle
394 4231 555 4306 Biographie
567 4234 700 4305 gdneralc
718 4236 735 4289 l.
749 4254 771 4290 c.

206 4320 233 4388 2)
253 4318 347 4373 Oratio
369 4319 402 4374 de
425 4337 507 4374 causa
527 4321 691 4375 lansenitica
712 4335 761 4376 etc.
796 4322 822 4376 A
843 4317 947 4377 Joanne
969 4317 1084 4377 ilenrico
1108 4318 1182 4378 Ottio
1204 4315 1342 4396 Tigurino,¹

138 4400 233 4478 Tiguri
251 4401 337 4477 Typis
354 4402 462 4460 Henrici
479 4403 733 4481 Hamberger1653.
763 4408 911 4464 Dedicatio.
943 4409 1030 4481 Hujus
1043 4412 1169 4464 orationis
1182 4413 1342 4484 exemplaria

135 4491 232 4559 omnla,
257 4493 284 4546 in
310 4502 437 4563 quantum
460 4493 515 4548 fieri
540 4503 656 4566 poterat,
679 4494 850 4550 lansenistae
873 4495 1119 4574 Portum-Regium
1143 4497 1169 4551 in
1192 4499 1341 4580 babitantet

133 4589 349 4656 suppresserunt.
