3050 5046
781 348 824 414 76

698 441 901 451 μ..-

188 549 336 618 lerentur
357 547 399 617 ad
422 553 552 630 malum,
577 554 670 640 quod
686 553 841 640 effugere,
865 552 1033 617 declinare
1056 572 1124 616 non
1142 559 1301 637 possent3
1326 573 1394 615 non

190 655 229 719 in,
240 677 353 720 eornm
371 665 538 742 potestate
555 678 639 734 esse,
655 679 756 722 uuum
773 656 826 721 vel
842 656 983 722 alterum
998 657 1124 722 evitare
1137 655 1176 736 ¹).

256 758 350 824 Licet
373 780 587 845 cognoscere,
611 782 678 846 qua
700 761 828 826 ratione
857 761 945 824 etin
969 759 1035 823 boc
1058 759 1299 845 antesignanus
1319 757 1401 822 lan-

193 863 276 928 senii
293 863 433 950 ejusque
449 862 689 948 discipulorum
706 863 816 928 fuerit.
848 863 885 928 In
902 863 1054 928 breviore
1070 861 1283 927 confessione
1299 869 1403 926 testa-

193 973 249 1032 tus
271 976 332 1039 est,
355 987 429 1030 esse
454 966 788 1051 praedestinationem
811 966 984 1052 impiorum
1008 965 1048 1030 ad
1072 980 1238 1032 aeternam
1252 977 1403 1038 mortem,

194 1079 332 1156 propter
354 1069 503 1154 ipserum
525 1070 611 1134 mala
634 1071 749 1134 merita
771 1069 952 1134 certissime
973 1070 1148 1155 praescita,
1173 1069 1403 1155 praedestina·

195 1173 319 1238 tionem
343 1195 417 1238 esse
440 1173 536 1237 etiam
560 1173 737 1260 gratuitam
761 1173 941 1236 electorum
958 1173 1001 1238 ad
1018 1174 1128 1238 vitam.
1173 1171 1405 1238 Dissimulavit

194 1276 251 1349 ita,
275 1275 366 1362 qnod
390 1285 488 1340 antea
513 1276 545 1340 in
571 1277 748 1341 Germania
763 1286 916 1340 versatus
932 1276 1102 1352 docuerat,
1124 1277 1289 1362 reprobos
1307 1297 1404 1361 prae·

195 1378 354 1444 destinari
377 1402 396 1442 a
418 1379 482 1446 deo
509 1402 576 1444 non
604 1387 730 1443 tantum
754 1378 795 1442 ad
821 1401 971 1464 poenam,
998 1379 1056 1444 sed
1079 1380 1174 1444 etiam
1197 1379 1238 1444 ad
1261 1379 1405 1464 culpam,

194 1483 240 1547 ita
256 1489 294 1547 ut
312 1481 360 1546 sic
381 1481 423 1546 ad
446 1491 584 1548 mortem
607 1481 845 1568 praedestinati
860 1483 902 1547 ad
919 1482 1038 1547 malum
1053 1482 1237 1547 inevitabili
1253 1482 1402 1547 necessi·

194 1593 262 1650 tate
278 1593 486 1671 cogerentur.
496 1585 751 1652 —Testimonia
762 1585 926 1651 nonnulla
937 1582 1126 1663 afferantur,
1140 1587 1263 1675 quibus
1277 1585 1404 1650 doctri·

197 1710 271 1752 nam
298 1687 621 1754 Gntbesebalcanam
649 1698 682 1754 et
702 1690 858 1754 universe
882 1690 1217 1775 praedestinatianam
1238 1689 1410 1754 exstitisse

197 1792 368 1878 probatur.
414 1793 542 1877 emoto,
567 1793 842 1879 archiepiscopus
863 1793 1109 1880 Lugdunensis,
1134 1815 1151 1857 a
1174 1793 1355 1857 Hincmaro
1372 1802 1409 1856 et

196 1895 342 1960 Pardula
370 1896 411 1960 ‹le
438 1895 567 1961 haeresi
594 1895 834 1960 Gotlreschalci
860 1897 984 1961 certior
1006 1897 1116 1962 factus
1139 1897 1171 1961 in
1195 1895 1338 1982 epistola
1362 1895 1407 1959 ad

197 1997 481 2062 Gotbesclralcum
506 2000 635 2064 scribit:
659 1998 810 2079 „Quarto
831 1999 910 2074 ,loco
927 2000 1083 2086 displicet
1105 2000 1202 2064 nobis
1224 1999 1331 2076 valde,
1349 2000 1409 2086 qui

197 2110 262 2166 tam
286 2102 379 2174 dure,
403 2114 436 2166 et
458 2101 703 2187 indisciplinate
726 2110 759 2166 et
780 2104 965 2168 immaniter
986 2104 1027 2168 de
1048 2104 1161 2168 divina
1177 2103 1407 2188 praedestine-

196 2204 288 2270 tione
315 2205 428 2277 sentis,
456 2215 489 2272 et
515 2205 664 2293 loqueris
689 2206 723 2270 in
746 2205 959 2271 damnatione
981 2207 1212 2292 reproborum,
1235 2215 1274 2270 ut
1290 2227 1408 2270 omnes

195 2307 283 2384 illos,
300 2308 358 2395 qui
373 2309 415 2374 ad
432 2308 600 2374 sinistram
616 2309 763 2394 ponendi
780 2310 907 2374 suntin
923 2310 976 2375 die
989 2309 1112 2375 thdieii
1131 2318 1165 2374 et
1180 2331 1252 2373 cum
1266 2309 1405 2374 diabolo

197 2419 297 2498 atque
314 2411 441 2496 angelis
458 2411 529 2498 ejus
550 2433 612 2498 pro
629 2410 723 2476 malis
740 2413 863 2477 meritis
879 2415 949 2478 suis
965 2421 1101 2477 aeterno
1117 2413 1192 2497 ign'e
1208 2411 1407 2489 damnandi3

196 2515 242 2579 ita
265 2516 332 2579 sint
354 2515 513 2580 divinitus
536 2515 577 2580 ad
601 2515 769 2596 interitum
792 2516 1040 2601 praedestinati,
1064 2527 1101 2580 ut
1129 2537 1242 2580 eorum
1267 2538 1408 2601 prorsus

199 2617 311 2684 nullus
336 2617 518 2706 aliquando
547 2619 703 2704 potuerit,
733 2617 847 2684 nullus
874 2620 985 2706 possit
1011 2619 1125 2684 salvus
1149 2641 1233 2687 esse.
1279 2617 1407 2700 Quinto

199 2721 275 2786 loco
306 2744 373 2786 non
404 2723 511 2787 minus
541 2721 755 2798 detestamur,
787 2733 821 2788 et
849 2722 1033 2796 horremus,
1064 2723 1157 2810 qnod
1183 2724 1229 2788 ita
1253 2723 1408 2787 exarsisti

198 2824 360 2890 adversus
377 2846 446 2899 eos,
462 2826 519 2912 qui
536 2837 672 2892 aeterno
693 2827 828 2892 interitu
845 2837 924 2892 sunt
939 2826 1041 2915 digni,
1063 2835 1101 2890 ut
1116 2825 1238 2891 dixeris
1255 2847 1324 2901 eos,
1340 2835 1407 2890 tam

196 2927 470 3003 irrevocabiliter,
494 2937 528 2993 et
549 2929 863 2995 incommutabiliter
882 2930 1061 3016 perditioni
1082 2951 1156 2994 esse
1177 2928 1408 3015 praedestina·

197 3039 262 3106 tes,
286 3031 374 3094 sicut
396 3031 488 3096 Deus
510 3033 583 3118 ipse
604 3033 895 3108 incommutabilis,
924 3041 958 3098 et
979 3031 1246 3098 inconvertibilis
1269 3040 1331 3096 est.
1350 3081 1357 3097 .
1375 3082 1407 3096 ..

198 3132 364 3218 Displicet
385 3135 484 3200 nobis
507 3135 615 3212 valde,
644 3137 723 3224 quia
745 3137 925 3211 verissima,
949 3145 982 3200 et
997 3136 1220 3201 sacratissima
1237 3134 1409 3200 Ecclesiae

197 3238 426 3315 Sacramenta,
453 3239 609 3305 videlicet
635 3239 831 3310 Exorcismi,
863 3249 896 3304 et
925 3239 1097 3325 Baptismi,
1129 3238 1339 3316 Obrismatis,
1371 3247 1404 3303 et

198 3341 447 3420 Eucharistiae,
474 3363 513 3407 ac
539 3365 655 3408 manus
680 3343 916 3430 impositionis,
943 3341 1181 3429 perfunctorie,
1208 3350 1242 3408 et
1266 3341 1408 3408 frustra·

199 3445 285 3510 torie
306 3444 470 3521 omnibns,
494 3447 551 3534 qui
571 3456 652 3533 post
674 3447 919 3532 perceptionem
937 3468 1049 3512 eorum
1066 3455 1217 3532 pereunt,
1241 3445 1311 3510 dari
1327 3467 1408 3510 con·

200 3547 320 3624 firmas,
341 3548 419 3614 dum
442 3571 501 3614 eos
524 3550 686 3638 sanguine
709 3549 848 3627 Christi,
871 3549 943 3615 sine
966 3572 1035 3637 quo
1057 3551 1132 3636 ipsa
1153 3549 1321 3638 mysteria,
1338 3541 1410 3636 jam

201 3673 268 3718 non
284 3653 453 3739 mysteria,
474 3654 533 3719 sed
550 3653 712 3742 quaedam
735 3653 828 3719 velut
843 3675 958 3730 vacua,
979 3660 1013 3718 et
1033 3653 1147 3718 inania
1166 3651 1310 3718 ludibria
1330 3661 1411 3717 sunt

201 3755 366 3830 habenda,
396 3756 589 3843 redemptos
618 3779 731 3844 negas.
792 3757 874 3823 Cum
904 3779 921 3823 e
951 3757 1120 3822 contrario
1151 3755 1348 3842 Apostolus,
1378 3762 1412 3819 et

200 3859 371 3924 veritatem
388 3860 626 3946 redemptionis
643 3859 776 3937 Christi,
793 3869 827 3926 et
841 3883 955 3926 verum
973 3860 1161 3926 divinorum
1177 3859 1409 3947 mysteriorum

201 3961 363 4036 effectum,
390 3963 487 4028 etiam
513 3964 627 4041 ineis,
656 3963 713 4050 qui
736 3964 997 4056 irreparabiliter
1019 3973 1168 4050 pereunt,
1192 3962 1314 4029 doceat
1335 3984 1412 4026 essa

203 4064 396 4144 collatatlr‘

275 4425 297 4494 ¹)
316 4422 559 4477 Ketzer-chilron
571 4440 623 4477 von
635 4421 716 4476 Peter
729 4421 808 4484 Fritz,
826 4426 850 4479 2.
864 4423 921 4485 ed..
934 4425 957 4477 2.
972 4422 1062 4487 Aba,
1075 4421 1230 4492 Wdrzburg
1244 4421 1318 4484 1828,
1330 4438 1356 4491 p.
1369 4423 1412 4486 98,

202 4608 218 4645 a
256 4507 441 4650 :harim
458 4508 492 4562 ad
510 4508 654 4564 Gotbeseh.
673 4509 744 4584 apud
763 4509 895 4568 Sirmond,
913 4507 964 4564 To.
979 4511 1003 4565 2.
1021 4528 1047 4584 p.
1069 4511 1141 4570 1245.
1159 4507 1189 4561 E.
1203 4516 1230 4562 ot
1240 4527 1266 4580 p.
1281 4510 1355 4564 1144.
1368 4505 1409 4574 D,

218 4611 254 4665 pu
386 4635 392 4650 .
