3084 5056
791 357 832 425 58

206 563 354 651 integrae
381 561 550 629 sufficiens
575 563 717 650 quidem,
746 564 781 626 in
806 570 897 628 statu
927 582 1007 626 vero
1036 569 1175 628 naturae
1199 564 1314 650 lapsae
1344 585 1426 628 non

206 667 271 732 alia
300 667 362 732 nisi
393 668 500 754 gratia
530 665 649 731 efficax
674 668 873 753 reperiatur3
904 665 1001 752 qdae,
1032 689 1105 731 cum
1137 667 1271 753 praevia
1301 667 1429 732 delec-

206 771 334 836 tatione
350 771 523 855 superiore
543 771 734 857 conjuncta.
757 771 947 834 necessario
970 769 1176 834 voluntatem
1193 769 1235 834 ad
1252 769 1428 834 coelestia

206 874 382 951 flectendo,
404 874 537 939 virtutis
559 873 710 938 effectum
730 874 897 938 sortiatur.
943 873 1030 938 Illud
1049 871 1083 938 S.
1096 873 1270 960 Augustini
1284 872 1428 936 exhibi-

206 985 274 1042 tum
290 977 416 1042 valere:
439 975 555 1064 „quod
571 976 713 1062 amplius
729 997 791 1040 nos
808 975 968 1050 delectat,
991 975 1173 1040 secundum
1189 976 1222 1040 id
1240 997 1431 1062 operemur

206 1103 344 1146 necesse
366 1079 495 1161 est¹);“
518 1102 649 1168 exque
673 1079 811 1160 eluceat,
834 1079 1085 1144 indeliberatum
1108 1089 1141 1144 et
1162 1079 1429 1144 antecedentem

207 1183 459 1249 delectationem
485 1183 669 1249 voluntatis
698 1205 871 1248 assensum
895 1183 1160 1269 praevenientem
1184 1182 1226 1246 ad
1250 1181 1428 1270 agendum

207 1287 374 1352 hominem
404 1309 538 1376 cogere3
569 1296 707 1352 mentem
738 1285 824 1352 hane
853 1295 886 1351 et
913 1307 1045 1351 sensum
1070 1285 1103 1355 S.
1127 1287 1303 1373 Augustini
1328 1307 1424 1366 esse,

205 1390 315 1456 adhuc
341 1392 479 1477 insuper
501 1413 543 1456 ex
564 1390 623 1455 illo
648 1399 775 1476 patere,
799 1390 891 1477 quod
915 1389 948 1455 S.
970 1389 1070 1454 Pater
1093 1390 1234 1454 scribat:
1263 1387 1429 1470 „Nolunt

205 1495 360 1560 homines
382 1493 502 1573 facere,
526 1493 617 1582 quod
638 1494 763 1581 justum
786 1503 846 1572 est,
870 1493 940 1557 sive
961 1493 1040 1580 quia
1055 1492 1138 1558 latet
1159 1514 1202 1558 an
1212 1494 1343 1580 justum
1365 1493 1425 1568 sit,

207 1599 277 1664 sive
299 1599 378 1685 quia
394 1619 462 1662 non
478 1597 632 1663 delectat.
677 1596 788 1661 Tanto
805 1597 890 1660 enim
907 1597 1054 1683 quidque
1070 1594 1299 1661 vehementius
1317 1595 1425 1660 volu-

204 1724 288 1779 mus,
312 1712 440 1788 quanto
458 1702 580 1767 certius
596 1699 688 1789 quod
705 1701 829 1764 bonurn
845 1699 890 1764 sit
904 1700 1068 1776 novimus,
1092 1716 1194 1786 atque
1209 1699 1424 1764 delectamur

205 1804 448 1887 ardentius²l.“

270 1912 423 1974 Attamen
450 1908 532 1972 satis
559 1908 691 1986 scimus,
722 1905 754 1969 S.
785 1905 1006 1990 Augustinum
1035 1905 1090 1970 hic
1120 1905 1160 1970 de
1190 1903 1423 1970 delectatione

206 2012 388 2078 deliberata
416 2010 651 2097 consequenti,
685 2008 726 2072 ab
753 2007 916 2072 electione
946 2008 1104 2093 pendenti
1135 2031 1242 2096 agere.
1286 2007 1423 2072 Distin-

205 2115 277 2202 guit
304 2114 389 2179 enim
417 2115 504 2178 inter
529 2109 783 2178 delectationem
807 2111 1006 2198 objectivam
1030 2119 1063 2176 et
1086 2112 1321 2198 subjectivum
1344 2112 1421 2190 illa,

207 2219 342 2306 objecto
365 2218 429 2303 ipsi
454 2217 655 2296 adhaerens,
679 2215 895 2286 antecedens,
920 2236 959 2279 ea
982 2223 1048 2290 est,
1072 2237 1139 2301 qua
1162 2215 1331 2300 objectum
1354 2237 1423 2302 per

207 2321 403 2386 suavitatem
425 2328 458 2384 et
477 2317 759 2405 pulchritudinem
781 2318 923 2382 animum
945 2318 1135 2382 necessario
1158 2317 1276 2400 allicit,
1304 2341 1421 2406 neque

206 2434 315 2489 tamen
346 2422 388 2488 ad
417 2421 703 2508 complectendum
735 2421 835 2508 cogit,
866 2421 899 2484 in
930 2421 1066 2486 arbitrio
1098 2421 1284 2486 voluntatis
1314 2423 1421 2488 relin-

207 2549 325 2615 quens,
355 2549 432 2592 num
453 2527 553 2613 juxta
578 2525 833 2590 delectationem
857 2535 1046 2611 susceptam
1069 2546 1166 2612 agere
1190 2525 1285 2605 velit3
1312 2527 1422 2592 alteru

206 2633 315 2696 animo
331 2630 509 2696 inhaerens
531 2637 583 2694 est
603 2650 816 2716 consequens
838 2651 879 2693 ex
895 2627 1078 2693 voluntatis
1101 2629 1239 2693 arbitrio
1256 2640 1289 2694 et
1305 2628 1420 2695 deter-

205 2736 387 2800 minatione
414 2733 574 2820 pendens‚
605 2731 706 2820 igitur
730 2732 835 2797 libera
862 2731 969 2817 plane.
1013 2731 1058 2796 Et
1084 2733 1208 2818 gratiae
1232 2741 1265 2797 et
1286 2733 1421 2798 libidini

205 2839 383 2905 delectatio
398 2837 566 2924 objectiva
581 2836 745 2914 inhaeret,
761 2843 902 2900 mentem
918 2834 1163 2913 antecedenter,
1187 2834 1418 2911 indeliberata

205 2941 396 3008 necessario
418 2939 567 3005 afficiens
588 2947 621 3004 et
641 2961 779 3028 urgens3
803 2939 980 3004 delectatio
1003 2958 1084 3002 vero
1107 2959 1335 3027 consequens,
1360 2941 1420 3005 de·
1514 2935 1515 2950 ¹

206 3047 361 3122 liberata,
384 3043 489 3109 libera
514 3043 556 3108 ad
583 3042 770 3131 eligendum
798 3051 832 3106 et
850 3041 1031 3128 agendum,
1056 3041 1148 3128 quod
1171 3043 1275 3132 magis
1296 3042 1418 3130 diligit,
1514 3077 1515 3116 1

206 3158 328 3215 movet.
373 3145 500 3212 Sensus
529 3146 619 3211 illius
649 3145 739 3211 edati
769 3155 835 3210 eat:
872 3144 973 3223 Quod
999 3144 1143 3231 amplius
1169 3167 1233 3210 nos
1261 3145 1418 3225 delectat,
1514 3149 1515 3152 ’

207 3254 372 3319 suavitate
387 3252 451 3338 maj
456 3273 513 3316 ore
526 3273 608 3337 prae
621 3258 732 3315 cetero
749 3247 985 3314 antecedenter
998 3269 1063 3314 nos
1078 3248 1229 3313 alliciens
1244 3249 1418 3337 magisque

208 3355 307 3422 nobis
328 3353 495 3431 arridens,
518 3352 700 3419 secundum
722 3351 755 3417 id
777 3361 1023 3439 consequenter
1042 3351 1189 3417 volendo
1211 3362 1245 3418 et
1260 3353 1417 3438 eligendo

208 3480 383 3546 operemur
417 3479 555 3524 necesse
592 3464 652 3522 eat.
719 3454 875 3520 Occurrit
908 3455 1089 3520 libidinosa
1123 3458 1416 3543 consupiscentiae

208 3563 358 3629 suavitas
384 3570 418 3626 et
447 3562 490 3626 ad
519 3560 773 3626 delectationem
801 3559 932 3645 peccati
961 3567 1088 3636 movet3
1126 3560 1185 3624 sed
1212 3563 1240 3625 si
1263 3559 1417 3647 jucunda

210 3667 335 3756 gratiae
364 3663 581 3751 pulchritudo
611 3662 690 3750 plus
719 3661 878 3748 delectat,
922 3662 1105 3728 secundum
1140 3684 1209 3728 eam
1241 3685 1417 3750 operamur

209 3779 312 3858 atque
331 3769 483 3833 vivimus.
527 3767 618 3832 Inter
642 3766 804 3831 rationem
831 3765 916 3832 enim
941 3767 1067 3853 gratiae
1093 3766 1220 3831 homini
1246 3767 1416 3833 innocenti

210 3883 311 3961 atqua
332 3872 431 3958 lapso
459 3891 640 3936 concessae
659 3869 838 3934 Jansenius
864 3890 906 3932 ex
927 3891 1044 3944 sensu,
1068 3875 1105 3933 ut
1125 3877 1334 3955 protestatus
1355 3879 1416 3951 est,

210 3976 244 4045 S.
261 3975 439 4064 Augustini
461 3971 595 4050 dividit,
619 3972 716 4036 aliam
738 3993 811 4036 esse
833 3993 987 4037 asserens
1008 3972 1145 4058 gratiam
1160 3971 1298 4050 liberae,
1321 3973 1415 4037 aliam

210 4101 327 4145 servae
348 4077 548 4156 voluntatis,
571 4075 669 4140 aliam
689 4077 828 4162 gratiam
850 4077 1020 4154 sanitatis,
1043 4075 1141 4139 aliam
1161 4078 1298 4162 gratiam
1315 4077 1415 4141 medi-

211 4185 315 4250 cinae.
360 4181 497 4246 Homini
522 4179 556 4243 in
578 4187 668 4244 statu
694 4178 893 4265 integritatis
909 4177 1062 4254 condito,
1087 4187 1206 4243 natura
1232 4180 1415 4244 voluntatis
1513 4165 1514 4202 ³

210 4286 376 4375 perfecta,
400 4284 538 4372 gratiam
563 4282 669 4347 fuisse
693 4282 727 4346 in
753 4281 860 4347 libero
887 4281 1023 4346 arbitrio
1049 4281 1197 4346 relictam
1225 4284 1321 4370 eique
1343 4304 1415 4368 per·

211 4391 342 4456 missam
368 4409 407 4452 ao
429 4385 612 4462 subditam,
635 4395 673 4450 ut
698 4385 839 4450 liberum
863 4385 1032 4450 arbitrium
1060 4395 1117 4450 aut
1138 4408 1177 4450 ea
1198 4388 1247 4450 uti
1269 4396 1326 4452 aut
1347 4407 1414 4451 eam

211 4527 412 4540 -μ

282 4596 305 4663 ¹)
324 4592 471 4648 comment.
484 4592 510 4646 in
524 4593 600 4663 epist
614 4591 649 4644 ad
661 4591 749 4645 Galat.
784 4592 810 4661 ²)
829 4589 885 4643 Lib.
899 4589 933 4643 de
945 4599 1049 4661 peccat.
1062 4592 1145 4645 merit.
1159 4599 1186 4646 et
1198 4593 1301 4646 remiss.
