3050 5046
737 355 779 422 73

656 445 857 458 Η·-

149 585 275 638 sorem‚
313 584 374 647 pro
398 562 545 648 justitia,
580 583 642 647 pro
673 561 827 637 veritate,
858 581 919 646 pro
949 558 1055 645 gratia
1086 554 1350 642 persecutionem

149 689 297 754 passum,
313 677 346 731 et
361 665 518 751 patiendo
534 666 775 730 immortoum.“
1347 683 1349 688 ·

212 767 335 834 Melius
362 769 494 854 quidem
521 777 620 840 esset,
644 767 703 832 sed
729 767 875 852 longius,
899 765 939 830 ad
965 762 1256 850 tergiversationes
1271 759 1351 824 Jan-

148 873 348 938 senistarum
369 871 571 936 refellendas
588 871 697 934 omnia
713 871 758 935 ibi
775 882 969 956 argumenta
984 868 1016 932 in
1033 866 1174 932 medium
1192 862 1352 950 proferre.

148 976 274 1064 quibus
290 975 623 1061 praedestinatianam
641 973 881 1040 Gotlrescbalci
894 971 1079 1036 doctrinam
1096 991 1172 1034 vere
1188 967 1357 1032 exstitisse

148 1079 405 1144 demonstretur.
451 1077 589 1143 Consuli
614 1087 727 1163 potest
750 1078 785 1142 C.
799 1076 835 1144 0.
852 1073 1056 1140 Tonrnelius
1080 1072 1197 1146 fusius
1221 1091 1356 1135 accura-

148 1181 226 1258 tius,
243 1180 442 1267 exquisitius
458 1181 499 1245 de
521 1203 556 1245 re
572 1191 728 1245 tractans.
774 1179 868 1259 Quae
892 1195 1000 1243 tamen
1016 1177 1155 1240 maxime
1170 1172 1358 1239 necessaria

147 1283 192 1348 ad
207 1284 417 1369 propositum
433 1293 585 1347 nostrum
601 1283 850 1370 exsequendum
868 1282 1033 1357 videntur,
1050 1299 1176 1344 summa
1191 1284 1358 1340 momenta

148 1388 182 1451 in
209 1386 315 1450 lucem
341 1386 515 1472 prodeant.
561 1385 684 1450 Scribit
706 1408 785 1472 ergo
816 1385 1027 1450 Bertinienus
1056 1383 1088 1446 in
1114 1379 1291 1446 annalibus
1314 1379 1356 1444 ad

147 1511 270 1554 annum
287 1489 411 1554 Christi
426 1489 515 1556 842:
539 1489 807 1564 „Goteschalcus
823 1487 956 1575 quidam
975 1485 1170 1552 Monasterii
1186 1483 1356 1550 Orbacen-

146 1592 196 1656 sis
225 1591 405 1657 Paroeeiae
440 1592 674 1658 Suessionicae
703 1592 892 1658 Monachus
923 1603 955 1656 et
985 1590 1181 1676 Presbyter,
1214 1586 1355 1652 scientia

147 1695 311 1773 tumidus,
341 1695 541 1782 quibusdam
571 1696 867 1783 superstitionibus
896 1694 1047 1768 deditus,
1083 1691 1211 1757 Italiam
1242 1689 1354 1775 specie

146 1799 320 1885 religionis
343 1821 531 1886 eggressus,
554 1800 632 1864 inde
658 1800 799 1886 turpiter
824 1800 961 1885 ejectus,
993 1795 1199 1870 Dalmatiam,
1220 1793 1355 1858 Panno·

147 1902 245 1967 niam.
290 1899 513 1989 Noricamqne
534 1903 686 1978 adorsus,
709 1901 871 1989 quaedam
894 1910 1028 1966 nostrae
1045 1899 1144 1964 saluti
1161 1895 1258 1962 valde
1275 1916 1356 1960 con·

147 2005 258 2080 traria,
274 2005 454 2090 praecipue
470 2006 532 2069 snb
550 2007 683 2070 nomine
698 2005 1018 2071 Praedestinationis
1040 2000 1229 2088 „pestiferis
1245 1999 1356 2073 dictis,

151 2118 185 2171 et
213 2107 345 2193 scriptis
375 2107 621 2188 adstruens¹).“
666 2110 860 2195 Sigebertus
888 2109 922 2173 in
953 2107 1121 2172 Chronico
1148 2103 1190 2169 ad
1216 2103 1356 2168 eundern

150 2231 270 2274 annum
291 2210 421 2275 scribit:
447 2209 714 2286 „Getescbalcus
736 2234 756 2276 a
777 2212 915 2277 Rabano
932 2210 1196 2295 Archiepiscopo
1212 2207 1356 2274 rationa-

150 2313 268 2389 biliter,
289 2323 327 2378 ut
342 2313 454 2378 multis
471 2314 576 2378 visum
594 2325 654 2390 est,
677 2317 897 2392 convincitur,
914 2314 973 2379 sed
989 2324 1097 2378 tamen
1113 2313 1146 2378 in
1163 2333 1225 2378 suo
1243 2331 1354 2397 perse·

147 2417 276 2482 veravit
291 2439 402 2482 errore
413 2416 473 2497 ¹).“

211 2522 308 2584 Anno
329 2519 402 2586 847.
432 2519 703 2586 Gotheschalcus
726 2523 864 2588 Romam
883 2521 1037 2608 perrexit,
1053 2519 1131 2586 inde
1146 2539 1301 2583 reversus
1317 2515 1351 2580 iu

144 2622 295 2708 hospitio
322 2623 364 2687 ab
387 2622 559 2688 Eberardo
583 2626 702 2690 comite
725 2625 910 2690 Friaulensi
941 2623 1123 2711 peregrinis
1146 2619 1353 2706 excipiendis

144 2735 266 2813 parato
294 2736 518 2802 commoratus
545 2727 726 2813 Notingum
755 2729 992 2815 cpiscoporum
1010 2726 1237 2792 Veronensem
1261 2723 1355 2799 vidit,

146 2851 245 2917 quem
268 2829 301 2894 in
325 2839 437 2916 partes
460 2853 539 2894 snas
560 2831 689 2896 trahere
706 2831 843 2897 studuit.
889 2834 916 2896 A
933 2853 1002 2920 quo
1019 2831 1169 2916 Notingo
1186 2828 1355 2900 Rabonus.

146 2932 421 3019 archiepiscopus
444 2933 679 3022 Mogontinus‚
708 2934 751 3000 de
774 2935 903 3001 haeresi
932 2933 1174 3000 Gotheschalci
1202 2951 1355 3018 respersa

146 3036 269 3100 certior
288 3034 398 3101 factus
418 3036 503 3102 libro
521 3037 561 3102 de
584 3037 889 3124 praedestinatione
904 3039 946 3104 ad
962 3038 1144 3126 Notingum
1160 3036 1354 3123 episcopum

146 3139 285 3225 scripto,
315 3140 460 3225 epistola
490 3141 531 3204 ad
561 3141 767 3207 Eberardum
797 3142 839 3207 de
869 3141 1070 3228 expellendo
1103 3137 1354 3205 Gotheschalco

145 3242 247 3307 misse
274 3263 361 3307 anno
387 3243 459 3312 848.
483 3244 659 3310 concilium
681 3245 876 3334 Mogontiae
897 3247 1018 3334 coegit,
1045 3241 1210 3330 perquod
1228 3240 1352 3306 doctri-

148 3367 223 3410 nam
246 3344 446 3412 haereticsm
470 3348 647 3417 damnavit.
692 3349 745 3414 Ad
768 3349 951 3438 Notingum
975 3349 1170 3435 episcopum
1193 3345 1352 3412 Rabanm

146 3448 277 3514 scribit:
306 3449 494 3524 „Convenit
513 3452 688 3530 internos,
715 3464 753 3517 ut
774 3477 792 3517 e
814 3454 936 3519 divinis
959 3452 1151 3539 scripturis,
1175 3461 1208 3514 et
1228 3448 1354 3515 Ortho-

147 3551 311 3617 doxorum
335 3553 468 3618 Petrum
492 3556 666 3619 sententiis
689 3555 825 3642 aliquod
849 3556 1057 3642 Opusculum
1082 3553 1288 3627 conficerem,
1311 3551 1353 3616 ed
1472 3625 1476 3634 Ι

147 3656 411 3720 convincendum
439 3681 581 3723 errorem
609 3679 732 3733 eorum,
759 3659 816 3744 qui
838 3660 880 3724 de
896 3661 969 3725 Deo
985 3661 1089 3734 bono,
1115 3667 1148 3722 et
1157 3657 1265 3744 justo,
1287 3664 1353 3720 tam

146 3759 299 3846 nequiter
313 3760 470 3836 sentiunt,
485 3771 523 3825 ut
538 3761 659 3837 dicant,
683 3763 754 3848 ejus
771 3763 1109 3847 praedestinationem
1124 3760 1245 3836 facere,
1262 3758 1355 3847 quod

146 3884 208 3926 nec
231 3861 333 3926 homo
356 3862 398 3927 ad
422 3865 521 3928 vitam
545 3864 814 3950 praedestinatus
843 3870 953 3952 possit
975 3867 1008 3932 in
1032 3874 1167 3930 mortem
1191 3863 1354 3942 incidere:

146 3987 208 4029 nec
234 3965 277 4028 ad
304 3973 441 4030 mortem
471 3969 748 4052 praedestinatus,
775 3969 970 4036 ullomodo
998 3993 1034 4035 se
1057 3969 1165 4055 possit
1188 3967 1230 4032 ad
1253 3967 1355 4032 vitam

144 4089 357 4152 recuperare:
389 4091 462 4134 cum
485 4080 602 4135 auctor
624 4073 767 4137 omnium
788 4095 906 4148 rerum,
930 4083 963 4138 et
984 4073 1140 4137 conditor
1161 4080 1353 4136 naturarum

145 4171 248 4247 Deus,
275 4171 400 4237 nullius
427 4174 552 4249 ruinae,
581 4183 682 4262 atque
704 4177 859 4240 interitus
883 4198 985 4241 causa
1007 4177 1060 4250 sit,
1088 4159 1148 4239 sed
1174 4173 1353 4240 multorum

146 4275 242 4362 origo
279 4275 445 4357 salutisl).
502 4277 552 4342 Ad
590 4277 797 4344 Eberardum
835 4279 986 4345 comitem
1023 4278 1184 4344 Rabsnus
1221 4277 1354 4344 scribit:

215 4513 239 4582 ¹)
259 4513 309 4584 Ap.
322 4513 423 4568 Tourn.
459 4518 485 4586 ²)
503 4515 630 4570 Rabanus
647 4520 671 4572 in
689 4519 746 4577 libr.
760 4521 793 4574 de
805 4521 939 4592 praedest.
953 4521 987 4575 ad
1004 4521 1123 4593 Noting,
1138 4519 1208 4594 apud
1221 4519 1354 4574 Sirmond.

144 4598 195 4652 To.
209 4603 232 4656 2.
246 4616 307 4671 pag.
324 4603 605 4673 1312.‚apudT0crn.
1294 4629 1296 4634 ·

1513 4439 1523 4756 l
