3084 5056
735 309 775 376 61

139 513 247 599 ponit.
291 513 410 590 Istam,
434 514 556 602 inquit,
586 513 724 598 gratiam
749 536 817 579 non
844 513 964 580 habuit
987 515 1111 600 primus
1138 514 1255 592 homo,
1284 535 1351 602 qua

138 637 311 704 nunquam
329 616 430 682 vellet
446 639 519 682 esse
535 615 650 680 malus.
696 616 779 682 Tale
796 619 920 704 quippe
936 626 1007 682 erat
1022 617 1233 704 adjutorium,
1257 616 1351 705 quod

140 719 311 786 desereret
333 743 434 807 quum
450 721 560 796 vellet,
584 720 672 784 etin
695 742 762 807 quo
779 729 996 807 permaneret,
1019 722 1048 784 si
1062 720 1173 796 vellet,
1198 742 1266 784 non
1281 743 1350 808 quo

140 823 249 902 fieret,
273 832 311 888 ut
326 824 436 902 vellet,
459 821 517 889 sed
539 824 712 910 potentior
726 833 777 888 est
797 825 902 912 gratia
923 825 956 888 in
974 824 1123 894 secundo
1139 824 1260 902 Adam,
1284 846 1351 912 qua

139 927 178 992 fit
203 928 317 1004 etiam,
354 934 392 992 ut
417 926 605 1003 velimus¹).
656 929 765 1015 Atque
792 927 883 992 aliud
913 927 1024 994 adhuc
1050 926 1209 992 Calvinus
1238 927 1350 1006 habet,

140 1029 237 1116 quod
252 1029 294 1094 ad
309 1029 457 1096 Jansenii
480 1039 627 1116 systema
642 1031 781 1096 accedit.
816 1031 933 1110 „Diem
951 1041 1064 1117 aperte
1081 1053 1239 1119 pugnare,
1257 1031 1350 1118 quod

139 1132 196 1197 hic
227 1133 447 1218 pronuntiant
461 1132 650 1198 Tridentini
674 1144 803 1219 patres;
840 1157 913 1199 cum
936 1124 992 1198 illa
1016 1134 1139 1200 Christi
1169 1135 1350 1200 sententia:

140 1236 296 1322 quisquis
318 1236 446 1302 audivit
468 1258 488 1301 a
508 1243 604 1322 patre
625 1257 698 1300 meo
719 1238 810 1302 venit
831 1237 949 1305 adme.
994 1237 1093 1314 Nam,
1116 1248 1154 1302 ut
1168 1237 1351 1324 prudenter

139 1339 374 1405 animadvertit
389 1341 605 1426 Augustinus,
628 1341 706 1404 inde
729 1341 890 1426 sequitur,
914 1340 1042 1405 nullum
1065 1363 1085 1404 a
1107 1339 1171 1406 deo
1188 1341 1301 1406 audire
1318 1349 1351 1406 et

138 1443 279 1520 discere,
296 1444 376 1530 quin
393 1443 491 1508 simul
506 1443 540 1506 in
553 1442 720 1508 Christum
736 1442 867 1520 credat3
882 1455 1076 1530 motumque
1092 1443 1228 1529 spiritua
1242 1445 1350 1510 sancti

138 1547 188 1610 sic
210 1569 284 1611 esse
305 1545 482 1622 efficacem,
505 1556 544 1610 ut
565 1545 662 1610 fidem
685 1569 814 1632 semper
835 1549 959 1634 gignat.
1007 1546 1225 1612 Constituunt
1240 1557 1349 1613 autem

136 1650 206 1715 hoc
227 1651 261 1714 in
282 1649 428 1714 hominis
451 1650 599 1736 optione,
622 1660 660 1714 ut
676 1649 728 1714 dei
744 1651 966 1736 inspirationi,
991 1651 1019 1714 si
1034 1649 1116 1715 velit
1131 1651 1329 1717 auscultet.“

203 1753 241 1818 In
253 1754 374 1818 ceteris
389 1761 422 1817 et
433 1752 627 1840 hujusmodi
639 1753 671 1816 S.
679 1755 857 1840 Augustini
872 1753 967 1818 locos
983 1753 1131 1840 appellat
1142 1763 1175 1818 et
1185 1738 1351 1840 provocat

136 1856 331 1922 Jansenius:
366 1856 508 1932 „Libero
531 1857 668 1922 arbitrio
690 1857 775 1922 male
799 1866 896 1922 utens
918 1857 1018 1920 homo
1041 1867 1074 1921 et
1099 1879 1135 1922 se
1156 1858 1302 1942 perdidit
1317 1869 1350 1924 et

137 1961 268 2046 ipsum“
293 1960 429 2044 (enchir.
452 1960 532 2042 33.);
562 1969 762 2046 „postquam
785 1961 857 2046 ipse
885 1959 1017 2044 (Adam)
1043 1959 1147 2026 libera
1175 1963 1349 2027 voluntate

140 2065 293 2150 peccavit
318 2086 383 2129 nos
409 2065 444 2128 in
469 2064 702 2129 necessitatem
729 2063 942 2149 praecipitati
967 2047 1099 2140 sumus,
1127 2063 1184 2150 qui
1207 2065 1248 2128 ab
1276 2065 1348 2152 ejus

140 2167 246 2252 stirpe
274 2167 528 2233 descendimus“
558 2173 690 2247 (contra
705 2166 877 2232 Fortunat.
894 2189 925 2230 n.
943 2165 1023 2246 22),
1061 2177 1095 2231 et
1116 2189 1156 2231 ex
1177 2167 1217 2230 iis
1238 2167 1348 2250 infert,

140 2268 175 2334 S.
191 2271 412 2357 Augustinum
428 2270 600 2336 docuisse:
624 2280 703 2357 post
717 2267 809 2334 Adae
824 2269 955 2356 lapsum
972 2270 1142 2334 arbitrium
1159 2271 1348 2336 innocentis

138 2371 283 2438 hominis
305 2373 446 2438 liberum
467 2373 617 2460 periisse,
640 2373 674 2436 in
689 2380 809 2438 natura
823 2373 919 2459 lapsa
935 2395 1009 2438 osse
1024 2373 1186 2460 peccandi
1202 2375 1348 2439 necessi-

136 2483 255 2554 tatem,
289 2478 416 2542 arbitrii
444 2476 697 2542 indifferentiam
723 2499 785 2563 per
809 2486 981 2562 peccatum
1009 2477 1169 2564 originale
1194 2479 1348 2542 amissam

136 2601 228 2658 esse,
262 2581 417 2666 profecto
449 2581 632 2646 Lutberum
664 2587 697 2644 et
721 2580 895 2645 Calvinum
925 2588 1104 2668 sequutus,
1140 2581 1197 2667 qui
1230 2579 1347 2646 eodem

133 2683 238 2748 modo
255 2683 363 2749 effatis
379 2683 412 2748 S.
430 2684 607 2772 Augustini
623 2683 719 2747 abusi
734 2690 822 2748 sunt.
855 2683 888 2750 S.
905 2685 1112 2772 Augustinus
1128 2695 1237 2749 autem
1253 2691 1347 2749 totus

133 2787 169 2850 in
192 2810 232 2852 eo
255 2798 307 2853 est
329 2796 492 2865 versatus,
515 2795 553 2852 ut
568 2786 818 2851 fundamentum
839 2786 1019 2870 haereseos
1035 2787 1228 2875 pelagianae
1253 2809 1347 2852 ever·

133 2899 237 2968 teret,
263 2891 356 2978 quod
381 2891 414 2956 in
443 2913 482 2956 eo
504 2892 652 2977 positum
673 2897 743 2955 erat
772 2911 899 2966 erorre,
933 2889 1100 2954 hominem
1121 2911 1140 2954 a
1162 2890 1225 2956 deo
1247 2889 1346 2955 talem

133 2992 307 3060 conditum
336 3016 426 3074 esse,
451 2993 562 3082 qualis
588 3015 677 3058 nunc
697 3002 856 3058 nascatur
877 3015 986 3080 neque
1006 2993 1143 3060 liberum
1166 2994 1237 3080 ejus
1259 2994 1345 3058 arbi·

133 3097 234 3162 trium
252 3107 392 3186 propter
400 3097 491 3164 Adae
507 3107 680 3184 peccatum
696 3119 755 3184 per
766 3097 1070 3183 concupiscentiam
1080 3098 1114 3163 in
1126 3120 1166 3162 eo
1180 3099 1345 3186 vigentem

133 3209 342 3266 attenuatum
371 3210 472 3288 atque
503 3201 700 3266 infirmatum
727 3221 816 3279 esse,
850 3199 999 3286 perfecta
1024 3223 1113 3266 nunc
1140 3201 1237 3266 sicuti
1267 3201 1344 3266 olim

133 3305 171 3368 in
199 3304 357 3392 paradiso
386 3304 551 3370 hominem
578 3304 705 3370 arbitrii
729 3302 952 3370 indifferentia
979 3311 1012 3370 et
1038 3303 1224 3369 adbonum
1248 3303 1345 3370 etad

134 3407 256 3474 malum
279 3409 337 3476 uti.

203 3509 320 3576 Obiter
340 3510 521 3601 observare
543 3510 590 3574 ibi
604 3511 747 3596 juverit,
768 3510 1007 3586 Jansenianos,
1037 3519 1073 3576 ut
1089 3509 1345 3598 possibilitatem

132 3621 244 3680 status
259 3622 397 3680 naturae
411 3636 516 3700 purae
532 3622 565 3678 et
580 3614 748 3701 angelicae
764 3623 797 3681 et
812 3614 975 3680 humanae
991 3623 1159 3702 negarent,
1177 3615 1343 3693 docuisse,

132 3717 308 3784 articulum
324 3727 357 3784 et
373 3718 493 3804 dogma
508 3715 585 3782 fidei
602 3739 685 3796 esse,
710 3719 801 3806 quod
817 3719 927 3806 angeli
942 3719 1051 3784 statim
1068 3741 1106 3784 ac
1122 3741 1142 3784 a
1161 3719 1224 3784 deo
1242 3721 1344 3786 creati

132 3822 202 3888 sint
231 3823 341 3910 gratia
370 3820 599 3886 sanctificante
632 3813 804 3909 tanquam
828 3843 956 3886 summo
995 3832 1189 3887 ornamento
1227 3823 1343 3888 donati

129 3926 272 4002 fuerint,
296 3925 413 4011 paucis
436 3923 533 3988 aliter
554 3925 721 4002 sentibus,
745 3925 959 4002 docentibus,
976 3926 1009 3990 in
1026 3926 1118 4012 puris
1133 3927 1343 3993 naturalibus

131 4029 275 4116 angelos
292 4029 497 4094 constitutos
511 4027 626 4094 fuisse.

196 4133 338 4197 Constat
353 4131 477 4218 pariter
491 4131 577 4209 inter
588 4131 779 4218 theologos,
795 4132 944 4219 angelos,
961 4133 1137 4220 etquidem
1150 4141 1219 4199 tum
1231 4134 1343 4201 bonos

131 4243 203 4300 tum
224 4235 347 4314 malos,
371 4235 509 4322 gratiam
531 4235 693 4300 actualem
716 4235 827 4311 etiam,
859 4237 930 4300 sine
952 4258 1019 4323 qua
1037 4257 1250 4323 perseverare
1272 4261 1341 4304 non

127 4340 332 4426 potuissent,
369 4361 389 4404 a
409 4339 472 4404 deo
490 4339 668 4425 accipisse,
693 4359 791 4424 quam
807 4338 940 4424 quidem
956 4340 1109 4428 gratiam,
1131 4341 1341 4414 Jansenistae

202 4565 222 4633 ¹)
245 4561 363 4618 Antidot.
377 4560 486 4615 Concilii
499 4560 647 4616 Tridentini
659 4559 692 4614 ad
706 4577 775 4614 sess.
788 4559 845 4627 VI,
863 4577 885 4614 c.
898 4564 923 4620 4.
