3084 5056
781 283 822 346 37

698 371 899 380 --—-—-—·

190 507 333 563 manum,
357 487 528 572 proprium
549 486 730 574 legitimum
754 508 887 551 sensum
903 485 1018 572 potius
1035 507 1119 562 esse,
1143 484 1281 572 qui-etsi
1294 451 1423 553 minus⁸

191 589 355 655 naturalis
372 597 405 654 et
420 591 595 684 rigorosus
612 589 725 667 aviris
743 590 852 655 doctis
870 598 980 654 tamen
996 595 1276 676 propugnaretur.
1321 587 1405 654 Sen-

191 717 262 758 sum
280 695 430 780 quinque
454 693 723 779 propositionum
742 692 970 758 Calviuianum
988 713 1007 756 a
1022 691 1224 758 Jansenistis
1239 713 1309 757 non
1324 712 1405 778 pro·

191 798 348 885 pugnari,
386 819 520 860 sensum
553 797 785 862 Calvinianum·
812 797 915 882 igitur
945 795 1094 882 quinque
1124 796 1404 882 propositionum,

190 902 342 988 quamvis
371 901 571 976 naturalem,
607 901 773 977 nativum,
809 900 1015 985 rigorosum,
1051 905 1162 963 tamen
1187 920 1257 964 non
1286 898 1405 964 harum

189 1005 456 1091 propositionum
487 1027 620 1068 sensum
651 1026 776 1077 verum,
807 1003 990 1088 proprium,
1012 1001 1194 1090 legitimum
1225 1025 1316 1082 esse3
1344 1002 1405 1068 sed

189 1129 323 1172 sensum
354 1107 480 1193 gratiae
510 1129 529 1170 a
559 1130 595 1170 se
625 1106 779 1182 efficacis,
811 1107 873 1169 etsi
903 1105 1012 1168 minus
1042 1105 1290 1192 naturalem-et
1313 1105 1404 1194 rigo-

188 1233 313 1287 rosum,
336 1217 456 1286 tamen,
479 1217 583 1296 prout
604 1231 630 1273 a·
645 1209 845 1274 Jansenistis
870 1209 1021 1294 probatis
1045 1208 1216 1296 theologis
1239 1209 1403 1274 intentum

187 1325 290 1402 atque
317 1313 501 1388 defensum,
532 1336 656 1390 verum,
682 1313 863 1400 legitimum
891 1333 929 1376 ac
957 1312 1129 1397 proprium
1157 1333 1290 1383 sensum
1318 1335 1402 1378 esse.

187 1417 400 1483 Haereticam
424 1416 555 1480 Calvini
579 1417 727 1503 quinque
750 1415 1043 1502 propositionibus
1066 1437 1200 1480 sensum
1217 1415 1402 1480 attribuen-

187 1521 267 1585 dum
284 1519 338 1584 vel
355 1541 428 1584 esse
443 1521 617 1606 proprium
634 1529 667 1583 et
681 1519 873 1606 legitimum,
891 1518 946 1583 vel
961 1519 1178 1604 improprium
1194 1527 1227 1584 et
1243 1518 1401 1598 alienum3

185 1625 220 1688 in
238 1645 340 1688 causa
355 1623 419 1687 hac
434 1623 651 1698 Jansenitica,
665 1632 793 1687 -ante
807 1623 1081 1686 constitutionem
1092 1623 1135 1716 ab
1147 1622 1346 1688 Innocentio
1358 1621 1401 1688 X.

186 1729 307 1802 datam,
334 1765 376 1773 —
403 1727 602 1790 excutienda
625 1725 753 1791 Calvini
776 1747 914 1790 sensum*
933 1727 1083 1812 quinque
1105 1726 1399 1812 propositionibus

184 1830 413 1917 improprium,
442 1828 600 1904 alienum,
633 1839 826 1894 extraneum
854 1841 940 1903 osse,
972 1851 1106 1893 sensum
1136 1829 1262 1916 gratiae
1292 1851 1333 1894 ex
1364 1851 1400 1894 se

187 1933 332 1998 efficacis
354 1955 554 2018 germanum,
576 1933 772 2019 legitimum:
797 1931 997 2020 quibusdam
1013 1933 1087 1996 aliis
1104 1954 1306 2020 quamquam
1320 1931 1399 1997 Jan-

188 2037 321 2101 senistis
344 2037 461 2122 paucis
485 2029 687 2100 contrarium
711 2035 986 2119 statuentibus1).
1042 2034 1108 2112 „In
1131 2059 1233 2101 sensu
1255 2035 1399 2102 haereti·

188 2147 331 2217 corum,“
355 2139 460 2204 abbas
483 2140 524 2204 de
545 2139 579 2204 la
600 2139 691 2204 Lana
705 2137 898 2204 Jansenista
915 2139 1094 2226 presbyter
1109 2137 1226 2204 Gallus
1244 2139 1399 2204 sorboni-

187 2265 246 2308 cus
274 2243 307 2307 in
338 2243 600 2330 congregatione
630 2264 742 2307 coram
770 2241 930 2328 pontifice
959 2242 1051 2307 facta
1081 2243 1271 2321 contendit,
1302 2265 1398 2322 „csse

186 2347 335 2434 quinque
360 2346 615 2432 propositiones
641 2345 862 2423 Calvinianas,
893 2354 951 2410 aut
978 2345 1206 2427 Lutherana=3
1235 2347 1268 2411 in
1295 2368 1398 2412 sensu

183 2450 385 2514 Jesuitarum
408 2471 482 2514 esse
504 2448 719 2536 Pelagianos,
742 2450 777 2513 in
793 2472 895 2514 seusu
911 2449 1027 2534 altero,
1051 2450 1092 2514 ab
1110 2451 1192 2535 ipsis
1208 2450 1338 2516 intanto
1355 2449 1397 2515 de

184 2553 292 2642 gretia
307 2573 368 2638 per
383 2575 420 2618 se
443 2552 570 2618 efficaci
587 2575 661 2617 esse
677 2551 936 2637 catholicas2).“
1059 2546 1064 2556 ’

189 2671 191 2674 ’
247 2659 309 2721 Ast
331 2656 394 2720 etsi
414 2655 608 2720 Janseniani
629 2655 976 2742 aequivocationibus,
1000 2654 1283 2741 ambiguitatibus,
1306 2655 1397 2724 frau-

183 2761 283 2825 dibus
301 2760 559 2847 quibuscunque
575 2766 741 2846 poterant,
761 2760 814 2824 usi
824 2757 987 2846 judicium
1005 2758 1231 2824 condemnans
1247 2759 1397 2848 effugere

182 2863 378 2939 niterentur,
408 2884 448 2927 eo
476 2862 569 2950 quod
599 2863 737 2950 gratiam
765 2883 784 2926 a
810 2885 847 2926 se
873 2860 1040 2926 efficacem
1070 2883 1172 2928 sensu
1202 2862 1396 2928 thomistico

181 2967 268 3032 tueri
291 2975 488 3043 assererent,
511 2967 595 3032 haec
617 2967 651 3030 in
675 2989 789 3032 eorum
807 2973 917 3030 mente
939 2965 1049 3052 gratia
1069 2967 1237 3032 tamenab
1254 2966 1397 3032 ecclesia

181 3070 395 3158 reprobanda
418 3077 499 3148 erat,
519 3071 555 3134 -si
579 3070 713 3158 quidem
737 3077 770 3134 et
792 3075 893 3156 prout
914 3089 985 3134 non
1006 3069 1210 3147 thomistica,
1233 3070 1295 3136 sed
1315 3069 1395 3136 Jan-

183 3175 349 3250 senistica,
373 3173 475 3261 longe
496 3195 516 3237 a
537 3173 732 3239 thomistioa
753 3173 891 3250 distans,
916 3173 1022 3260 gratia
1045 3171 1175 3251 efficax,
1198 3173 1319 3240 victrix
1334 3197 1396 3260 per

184 3278 389 3363 superiorem
405 3299 444 3341 ac
459 3277 632 3342 relativam
649 3277 912 3342 delectationem.
933 3275 1018 3341 Post
1033 3276 1133 3341 latam
1148 3277 1337 3342 Innocentii
1351 3277 1394 3344 X.

184 3381 458 3445 constitutionem
489 3403 591 3446 scena
621 3401 786 3446 conversa
815 3387 882 3458 est3
913 3388 993 3444 tunc
1023 3380 1161 3465 placuit,
1191 3390 1229 3446 ut
1253 3402 1395 3446 censura

184 3493 406 3560 amoveretur,
430 3482 609 3560 affirmare,
634 3483 765 3550 Calvini
794 3505 928 3548 sensum
951 3483 1101 3570 quinque
1124 3484 1395 3571 propositionum

184 3608 256 3651 esse
283 3587 457 3672 proprium
493 3595 526 3652 et
561 3577 754 3674 legitimum,
791 3609 927 3652 sensum
964 3586 1108 3652 efficacis
1138 3610 1180 3652 ex
1209 3611 1245 3653 se
1268 3588 1395 3675 gratiae

154 3767 157 3775 Α
181 3690 324 3770 alienum
342 3699 374 3754 et
389 3691 615 3789 improprium.
660 3691 864 3756 Affirmatum
880 3689 957 3755 ideo
972 3689 1056 3755 illud
1073 3698 1134 3768 est,
1151 3691 1244 3778 quod
1257 3692 1395 3756 exhibet

181 3804 300 3858 auctor
315 3793 463 3858 italicus:
489 3793 536 3870 „E
557 3795 695 3880 proprio
719 3794 795 3858 dell’
812 3815 924 3858 errore
945 3793 970 3858 il
985 3794 1122 3868 variare,
1149 3793 1189 3858 ed
1212 3795 1236 3859 il
1259 3803 1393 3860 contra·

181 3897 279 3973 dirsi3
307 3919 324 3960 e
351 3897 495 3960 siccome
522 3897 693 3962 nascendo
721 3895 955 3972 eforastiere,
984 3921 1001 3962 e
1026 3897 1186 3984 fugitivo,
1213 3919 1231 3962 e
1257 3920 1327 3963 non
1349 3897 1394 3963 ha

180 4021 304 4064 ancora
319 3998 408 4074 fissa,
427 4021 444 4062 e
461 4001 581 4064 stabile
598 4000 734 4078 dimora,
752 4000 825 4065 cive
840 4023 859 4065 a
875 4000 945 4065 dire
961 4023 1005 4064 nn
1023 4001 1158 4090 sistema
1173 4001 1239 4066 ben
1255 4023 1393 4068 concer-

180 4112 264 4180 tato‚
287 4098 359 4168 cosi
373 4112 465 4168 muta
486 4126 616 4190 spesso‚
643 4127 661 4168 e
682 4126 747 4169 con
763 4102 815 4169 cib
831 4105 861 4168 si
875 4103 1030 4182 tradisce‚
1053 4105 1118 4169 ele
1140 4127 1200 4170 sue
1221 4114 1394 4191 perpetue,

181 4215 214 4271 et
234 4207 393 4270 continue
415 4205 638 4272 vicissitudini
660 4228 746 4272 sono
769 4230 788 4272 a
811 4207 924 4295 quelli,
947 4207 1010 4274 che
1025 4208 1059 4273 vi
1073 4207 1176 4274 fanno
1193 4209 1393 4288 attentione,

179 4398 381 4408 -------

252 4531 274 4600 1)
292 4529 401 4584 Journal
414 4531 447 4584 dc
461 4531 488 4586 S.
503 4534 614 4600 Amour‚
628 4551 669 4604 ap.
684 4531 784 4587 Tourn.
821 4534 848 4604 2)
867 4533 953 4586 Lucas
966 4532 1150 4606 Vvadiughus,
1159 4533 1177 4586 l.
1191 4552 1213 4587 c.
