3084 5056
800 345 841 418 68

213 553 315 622 misso
339 577 481 622 errorem
504 555 673 642 reprobat,
699 563 872 631 retractate
896 554 1047 639 synodus
1069 554 1306 643 Lugdunensis
1330 555 1423 621 deni·

214 683 280 749 que
305 661 422 726 iterum
450 660 626 747 epistolam
653 681 672 723 a
697 658 822 730 Fausto
850 657 893 722 ad
919 657 1081 723 Lucidum
1108 657 1219 723 datam
1245 660 1424 746 approbat,

213 785 345 830 errores
375 763 752 851 praedestinatianorum
783 762 905 850 rejicit,
941 761 1085 826 Faustus
1115 763 1188 848 ipse
1218 772 1362 828 testatur
1389 763 1424 827 in

213 867 422 954 praefatione
438 867 608 947 librorum,
625 887 713 954 quos
729 865 871 930 Leontio
888 863 1074 930 Arelatensi
1091 873 1279 951 nuncupat:
1296 865 1422 946 „Quod

215 992 277 1058 pro
307 970 521 1036 solicitudine
550 969 734 1045 Pastorali,
765 969 866 1034 Beate
907 968 999 1054 Papa
1028 968 1163 1046 Leonti,
1200 970 1234 1033 in
1265 969 1422 1034 condem·

213 1073 326 1140 nando
347 1073 664 1161 praedestinationis
681 1093 792 1138 errore
810 1072 994 1138 Concilium
1012 1094 1212 1138 summorum
1230 1073 1423 1138 Antistitum

214 1177 436 1265 congregatis,
459 1176 624 1242 universis
652 1175 835 1241 Galliarum
860 1175 1021 1241 Ecclesiis
1043 1176 1267 1262 praestitistis.
1322 1175 1424 1256 Quod

213 1302 294 1346 vero
322 1282 364 1346 ad
392 1279 588 1355 ordinanda,
615 1301 702 1368 quae
728 1279 909 1344 collatione
932 1279 1067 1364 publica
1089 1279 1282 1345 doctissime
1306 1291 1424 1365 protu-

213 1383 318 1466 listis,
348 1405 482 1471 operam
512 1383 648 1448 infirmis
677 1383 838 1461 humeris,
870 1404 1048 1470 curamque
1078 1382 1277 1463 mandastis,
1308 1404 1424 1468 parum

213 1494 351 1554 sanctae
373 1486 610 1552 existimationi
631 1494 763 1550 vestrae
784 1485 992 1567 consuluisti,
1016 1495 1050 1550 et
1071 1509 1121 1551 me
1131 1485 1261 1574 judicio
1279 1485 1423 1550 charita·

213 1591 266 1676 tis,
287 1612 350 1655 vos
371 1590 521 1677 periculo
543 1589 716 1655 electionis
738 1590 936 1654 onerastis..
954 1639 961 1655 .
979 1639 985 1654 .
1009 1589 1046 1655 ln
1070 1611 1138 1676 quo
1160 1589 1293 1676 quidem
1311 1587 1424 1675 Opus·

126 1751 129 1758 .
213 1693 290 1760 culo
315 1702 394 1780 post
415 1692 621 1758 Arelatensis
645 1691 786 1757 Concilii
810 1692 1108 1777 subscriptionem,
1131 1693 1230 1756 novis
1253 1693 1424 1758 erroribus

213 1796 449 1884 deprehensis,
487 1796 586 1883 adjici
622 1795 735 1882 aliqua
755 1795 928 1880 ‘Synodus
964 1793 1200 1882 Lugdunensis
1236 1795 1424 1882 exegit¹);“

214 1899 362 1967 Lucidus
378 1899 413 1964 in
428 1899 543 1964 libello
560 1897 802 1964 emendationis
819 1897 1009 1984 profitetur:
1025 1920 1083 1978 „se
1098 1899 1194 1985 juxta
1210 1899 1425 1984 praedicandi

213 2003 360 2070 recentia
375 2011 501 2069 statuta
518 2000 671 2078 Concilii,
688 2001 844 2066 damnare
861 2023 1001 2082 errores,
1017 2001 1140 2089 quibus
1156 2001 1310 2067 addictus
1326 2011 1424 2067 antea

212 2105 393 2190 fueratelr‘

277 2207 435 2294 Synodus
461 2203 581 2272 exinde
609 2205 763 2294 profecto
791 2205 994 2271 Arelatensis
1020 2213 1053 2270 et
1075 2204 1311 2294 Lugdunensis
1335 2205 1424 2270 circa

213 2334 320 2378 anuos
336 2311 514 2376 472-475.
532 2318 669 2375 coactae
691 2319 785 2374 sunt:
808 2309 866 2372 illa
881 2308 1056 2395 epistolam
1073 2308 1187 2374 Fausti
1203 2309 1245 2374 ad
1260 2308 1423 2374 Lucidum

212 2417 345 2482 missam
362 2415 527 2501 probavit,
543 2412 626 2478 haec
642 2412 799 2477 Faustum
817 2433 949 2476 causam
966 2411 1299 2497 praedestinatianam
1315 2411 1423 2478 fusius

212 2519 314 2584 latius
338 2516 498 2605 prosequi
515 2516 629 2603 jussit,
656 2515 691 2580 id
715 2515 807 2602 quod
830 2514 975 2580 Faustus
997 2514 1091 2580 libris
1108 2515 1149 2580 ab
1166 2515 1241 2602 ipso
1258 2515 1299 2580 de
1316 2515 1422 2580 libero

158 2689 160 2695 ,
212 2621 349 2688 arbitrio
370 2629 452 2708 post
466 2619 541 2684 illas
558 2618 710 2708 synodos
727 2627 862 2684 coactas
884 2618 1019 2704 scriptis
1033 2617 1123 2695 feeit,
1147 2639 1215 2682 nou
1231 2618 1297 2682 alia
1312 2628 1422 2683 tamen

213 2727 352 2804 ratione,
375 2745 473 2811 quam
489 2731 527 2789 ut
547 2723 581 2788 in
598 2721 929 2809 semipelagianorum
946 2743 1075 2788 errores
1091 2721 1253 2787 inciderit.

275 2828 362 2894 Sunt
374 2835 546 2914 praeterea
562 2834 717 2891 auctores
733 2825 836 2903 multi,
854 2826 911 2913 qui
927 2847 1071 2890 errorem
1083 2824 1420 2911 praedestinatianam

212 2931 380 2998 exstitisse
395 2929 544 3010 tradunt,
564 2939 602 2994 ut
618 2939 736 2994 auctor
750 2928 836 3010 libri,
853 2929 949 3016 cujus
965 2928 1082 2994 titulus
1104 2929 1419 3010 „Praedestinatus“

211 3033 433 3102 aSirmondo
462 3031 589 3119 publici
613 3031 701 3118 juris
727 3030 853 3110 iactus3
881 3032 1029 3118 Prosper
1053 3031 1146 3119 Tyro
1173 3033 1208 3096 in
1235 3032 1418 3108 Chronico;

210 3138 379 3205 Arnobius
396 3137 513 3224 junior
535 3135 569 3198 in
584 3134 808 3221 Expositione
829 3134 997 3213 Psalterii3
1022 3133 1216 3200 Gennadius
1231 3135 1418 3200 Massilien-

212 3243 259 3308 sis
286 3243 319 3306 in
345 3238 540 3328 Appendice
566 3238 718 3324 Catalogi
744 3237 979 3324 Augustiniani
1006 3225 1047 3303 de
1073 3237 1285 3316 haeresibus3
1315 3237 1416 3303 Hinc·

212 3367 322 3410 marus
343 3343 377 3408 in
398 3341 556 3429 Epistola
577 3340 620 3406 ad
642 3340 817 3407 Nicolaum
840 3341 873 3407 S.
890 3341 944 3417 P.;
963 3340 1186 3420 Flodoardus,
1204 3341 1321 3408 histor.
1337 3341 1416 3408 eccl.

210 3449 301 3514 Rem.
315 3447 344 3526 3,
358 3445 415 3524 283
427 3445 621 3532 Sigebertus
635 3444 676 3510 ad
689 3465 741 3514 an.
759 3444 882 3510 Christi
894 3445 983 3524 415.;
996 3444 1240 3522 Thrithemius3
1253 3446 1417 3511 Baronius

211 3551 253 3617 ad
269 3572 320 3616 an.
343 3549 467 3616 Christi
483 3547 562 3626 4903
586 3547 839 3626 Genebrardus3
862 3547 1011 3614 Thomas
1026 3547 1240 3625 Vvaldensis,
1265 3550 1417 3615 domiuus

211 3655 252 3721 de
273 3653 406 3719 Sanctis
428 3651 608 3737 episeopus
631 3651 818 3731 (Mousieur
839 3653 880 3718 de
902 3651 1035 3717 Saintes
1056 3652 1212 3741 Evesque
1228 3651 1417 3737 d’Evreux),

210 3756 401 3838 Prateolus,
428 3753 596 3832 Medicas,
619 3753 639 3819 a
662 3754 795 3833 Castro,
819 3755 885 3824 alii.
929 3754 1079 3822 Thomas
1103 3755 1306 3822 Vvaldensis
1337 3778 1416 3822 con·

210 3869 351 3950 questus
381 3867 448 3935 cst,
484 3856 665 3924 Wiclefum
695 3881 837 3924 errorem
866 3860 1245 3946 praedestinatianorum
1274 3861 1417 3926 resusci-

209 3966 352 4044 tavisse,
389 3962 570 4049 episcopus
608 3962 649 4028 de
685 3963 818 4028 Sanctis
854 3963 941 4028 idern
977 3963 1019 4028 de
1056 3963 1248 4029 Calviuistis
1286 3961 1416 4044 dicit³).

282 4169 305 4236 ¹)
324 4165 391 4219 Bibl.
406 4164 437 4220 P.
450 4165 482 4220 P.
494 4176 558 4221 tom.
572 4167 595 4222 8.
609 4184 635 4238 p.
648 4169 706 4225 523.
720 4166 754 4221 H.
768 4175 794 4222 et
805 4184 866 4238 pag.
880 4169 940 4224 524.
953 4166 994 4233 B,
1006 4165 1077 4238 apud
1090 4161 1191 4220 Toum.
1205 4193 1238 4208 ·-

276 4255 304 4326 θ)
322 4252 403 4325 Apud
421 4253 553 4308 Sirmond.
572 4260 591 4306 t.
609 4257 634 4311 4.
655 4272 717 4327 pag.
736 4258 796 4313 418.
817 4254 856 4320 B,
875 4253 948 4325 apud
965 4253 1068 4307 Tourn.
1087 4283 1120 4294 —
1140 4254 1179 4309 De
1198 4272 1295 4308 arcano
1315 4253 1416 4308 divinae

208 4340 460 4412 praedestinationis
473 4339 602 4412 mysterio
616 4341 780 4409 dissertatio,
794 4359 872 4413 quam
887 4340 996 4413 scripsit
1007 4340 1125 4396 loannes
1139 4342 1255 4406 Soffner,
1268 4342 1326 4396 S.S.
1339 4341 1416 4395 theo·

207 4427 296 4498 logias
320 4425 481 4482 Licentiatus
506 4435 534 4482 et
557 4427 730 4483 Convictorio
749 4429 900 4500 theologiae
919 4428 986 4482 cath.
1005 4428 1168 4500 praefectus,
1186 4428 1363 4482 Vratislaviae
1382 4427 1415 4482 A.

206 4512 417 4568 MDCCCLVII.
431 4532 456 4586 p.
472 4517 511 4580 17,
524 4517 566 4580 29,
579 4518 620 4572 30.

276 4601 301 4674 ³)
320 4601 458 4674 Tournely
471 4608 497 4656 et
509 4600 550 4656 De
566 4599 684 4678 Champs
696 4621 723 4677 p.
736 4605 801 4668 293;
815 4601 847 4655 cf.
861 4601 951 4658 sontes
964 4602 1036 4676 apud
1048 4601 1108 4656 doh.
1123 4599 1213 4657 lleinr.
1227 4601 1319 4670 llurtz,
1333 4602 1348 4656 l.
1359 4621 1379 4656 c.
