3084 5056
770 307 791 374 5

683 402 789 413 natm-2«.-
802 403 884 410 ..α-...ι

172 516 287 584 senius
311 529 344 583 et
372 514 611 606 S'an-Cy'ranus
640 538 822 604 eorumque
853 513 1008 600 discipuli
1037 524 1070 580 et
1099 511 1248 580 asseclae
1278 509 1387 580 moliti

169 623 375 710 paraverint.
433 621 554 686 Patent
585 621 684 685 animi
713 621 887 695 tenebrae,
919 619 1091 684 doctrinae
1121 640 1264 692 errores,
1304 640 1385 683 con·

171 727 332 792 scientiae
362 735 491 802 reatus,
523 726 642 811 culpae
671 727 786 800 timor,
816 745 1000 810 poenarum
1030 732 1154 800 metus,
1190 721 1384 786 insidiarum

171 840 371 916 apparatae,
402 831 687 894 concertationum
719 829 896 913 asperitas,
928 828 1048 893 ducum
1079 848 1209 901 sensus,
1241 824 1383 890 catholi-

170 957 288 1000 corum
309 934 470 1018 impietae,
495 933 739 998 haereticorum
763 932 893 1008 astutia,
916 931 1083 996 sociorum
1100 929 1276 1005 calliditas,
1301 949 1383 992 con·

172 1039 374 1124 spinetorum
396 1038 547 1111 intenti0,
571 1037 761 1102 scholarum
783 1043 1005 1119 contemptus,
1026 1033 1226 1098 Jesnitarum
1242 1031 1383 1096 infesta·

171 1143 232 1209 tio.
276 1141 349 1227 Ego
371 1140 503 1226 quidem
526 1163 565 1204 co
589 1141 713 1215 animo,
737 1150 775 1204 ut
796 1138 866 1202 sine
888 1136 1004 1201 favore
1026 1146 1059 1202 et
1081 1135 1171 1212 odio,
1196 1159 1282 1224 quae
1305 1115 1400 1221 ριό)

171 1243 338 1320 feruntur,
370 1243 564 1332 dijudicem,
596 1245 740 1329 pessima
770 1265 810 1307 ex
840 1239 1016 1305 verborum
1055 1241 1229 1306 sententiis
1259 1261 1382 1316 eruere,

171 1347 384 1412 acerbissima
406 1347 607 1412 concludere
629 1347 747 1420 nolim,
771 1367 905 1409 sensum
932 1365 1143 1432 nequaquam
1172 1343 1382 1422 detorturus3

170 1451 231 1516 sed
247 1465 356 1515 tamen
369 1473 436 1514 non
450 1452 597 1537 negabo,
615 1449 776 1536 epistolas
788 1449 880 1534 ipsas
897 1447 939 1512 ad
951 1448 1122 1512 doctrinae
1134 1468 1243 1512 novae
1254 1447 1383 1511 initium

170 1564 412 1641 auctorumque
428 1555 596 1641 ingenium
618 1552 888 1640 cognoscendum
913 1574 1011 1638 quam
1028 1551 1202 1636 plurimum
1219 1549 1382 1616 conferre.

170 1659 344 1722 Gravioris
365 1659 480 1721 forsan
502 1658 660 1721 momenti
682 1679 739 1721 eae
761 1655 911 1730 fuerunt,
937 1677 1023 1741 quae
1052 1667 1128 1718 ante
1152 1654 1301 1740 perditae
1324 1659 1383 1718 aut

169 1760 335 1825 deductae
357 1761 480 1846 publici
491 1761 579 1848 juris
603 1760 711 1824 tactae
733 1766 905 1833 nonaum,
927 1758 967 1821 ab
984 1769 1129 1843 utroque
1146 1756 1382 1822 haeresiarcha

169 1874 300 1929 secreto
328 1864 467 1927 invicem
493 1863 650 1950 scriptae.
696 1865 748 1936 At,
775 1870 807 1925 et
833 1861 906 1937 hae,
934 1883 1020 1948 quae
1044 1861 1106 1924 etsi
1131 1883 1256 1946 paucae
1280 1869 1313 1926 et
1337 1861 1379 1938 ab

168 1967 275 2032 altero
292 1965 367 2031 solo
384 1967 552 2031 exhibitae
568 1975 762 2051 supersunt,
784 1965 903 2051 dignae
920 1963 1084 2041 videntur,
1102 1986 1189 2051 quae
1204 1965 1377 2050 inspectae

168 2070 421 2156 pervolvantur,
445 2091 485 2136 eo
509 2070 602 2157 quod
625 2067 787 2134 nonnulla
809 2068 851 2133 ad
873 2077 1000 2132 secreta
1023 2069 1184 2154 quaedam
1200 2067 1381 2154 aperienda

170 2173 259 2238 etad
282 2173 455 2238 veritatem
477 2173 700 2260 indagandam
724 2171 923 2257 pertinentia
944 2172 1126 2235 continent.
1171 2171 1330 2236 Inventas
1345 2171 1379 2234 in

168 2277 268 2341 domo
290 2277 396 2362 ipsius
418 2276 634 2364 San-Cyreni,
658 2276 711 2339 cui
727 2297 746 2338 a
761 2274 919 2339 Jansenio
936 2275 1055 2338 missae
1072 2283 1174 2350 erant,
1199 2297 1299 2362 quum
1316 2274 1380 2338 iste

168 2381 273 2446 abbas
307 2379 444 2444 Parisiis
478 2389 597 2465 captus
627 2379 850 2443 Vincennium
887 2379 1009 2443 ductus
1045 2386 1135 2442 esset
1165 2399 1254 2441 anuo
1288 2376 1379 2454 1638,

166 2495 298 2549 mortuo
316 2483 435 2548 exinde
457 2505 525 2547 uno
543 2507 584 2547 ex
608 2483 679 2570 ejus
691 2481 873 2567 judicibus,
898 2481 940 2545 ad
957 2503 1073 2544 manus
1090 2481 1225 2544 Domini
1241 2481 1282 2545 de
1297 2479 1377 2544 Pre-

166 2588 244 2652 ville
275 2597 509 2672 pervenerunt.
555 2586 607 2650 Ne
629 2608 709 2651 vero
731 2584 954 2660 Janseuistae,
979 2585 1161 2648 clarissima
1185 2594 1218 2648 et
1241 2583 1377 2648 eviden-

165 2691 293 2754 tissima
317 2711 471 2776 quaeque
493 2689 670 2754 haereticis
694 2689 841 2773 ipsorum
866 2688 1034 2752 erroribus
1058 2690 1193 2752 obtecta
1213 2708 1251 2751 ac
1267 2686 1377 2774 impli-

168 2802 240 2858 cata
260 2793 442 2857 obscurare
463 2793 565 2869 soliti,
589 2791 741 2878 epistolis
756 2792 925 2878 rebusque
940 2791 1063 2877 'spretis
1081 2801 1113 2854 et
1129 2791 1301 2878 denegatis
1318 2797 1377 2854 aut

168 2895 207 2959 ad
224 2897 389 2960 minimum
408 2895 615 2960 obumbratis
635 2894 767 2959 veritati
788 2903 1022 2980 repugnarent,
1046 2917 1130 2958 neve
1147 2916 1233 2981 quae
1249 2893 1375 2980 perfer·

166 3007 289 3075 rentur,
311 3007 480 3086 negarent,
496 2999 721 3085 proferentem
743 2999 949 3075 infestarent,
971 2997 1109 3062 Parisiis
1125 2999 1158 3061 in
1175 2997 1275 3063 domo
1293 3020 1376 3085 qua·

167 3101 240 3166 dam
256 3101 390 3186 publiea
408 3124 515 3188 prope
536 3100 792 3166 Universitatem
809 3101 991 3166 Literarum
1015 3101 1078 3165 sita
1095 3101 1257 3186 epistolae
1274 3102 1376 3190 origi·

165 3204 257 3269 nales
280 3226 377 3268 manu
398 3204 549 3269 Jansenii
570 3205 713 3289 scriptae
735 3205 910 3288 depositae
931 3213 1010 3268 sunt
1032 3227 1051 3268 a
1071 3205 1217 3268 Domino
1240 3205 1281 3270 de
1296 3205 1376 3271 Pre-

165 3308 252 3385 villc‚
271 3311 314 3372 'ut
336 3307 476 3396 quilibet
496 3308 677 3393 inspiceret
697 3303 938 3386 intellecturus,
962 3330 1030 3394 qua
1050 3309 1181 3372 ratione
1203 3317 1304 3396 atque
1320 3309 1375 3374 via

165 3411 355 3477 Novatores
376 3434 444 3476 rem
463 3409 721 3476 ecclesiasticam
742 3411 932 3486 reformare,
956 3411 989 3475 id
1006 3420 1073 3488 θεῖ,
1097 3419 1244 3476 evertere
1261 3413 1373 3478 conati

166 3521 285 3583 essent.
329 3513 441 3579 Facile
471 3515 529 3602 qui
560 3537 608 3590 ea,
632 3537 718 3600 quae
739 3514 918 3580 Jansenius
945 3515 1081 3601 propria
1106 3536 1205 3578 mauu
1229 3515 1374 3601 scripsit,

164 3640 308 3704 unquam
340 3617 485 3694 viderat,
524 3639 717 3704 comparare
753 3618 935 3704 literaeque
971 3639 1215 3704 recognoscere
1250 3619 1373 3704 potuit.

165 3721 314 3795 Constat,
332 3722 402 3807 jam
425 3729 502 3785 ante
524 3720 596 3794 has,
621 3743 708 3807 quae
731 3721 838 3785 dietae
860 3731 949 3798 sunt,
972 3721 1097 3784 amicos
1113 3719 1274 3806 epistolas
1290 3721 1373 3787 alias

163 3825 303 3890 invicem
318 3825 494 3909 scripsisse
510 3845 579 3886 non
595 3824 628 3886 in
643 3823 750 3888 lucem
768 3825 934 3909 prolatas3
951 3825 1076 3909 pariter
1094 3831 1258 3908 putamus,
1275 3825 1373 3890 etiam

165 3937 242 4013 post
257 3949 379 3992 annum
398 3927 490 4003 1635,
515 3949 555 3990 ex
572 3949 639 4013 quo
662 3949 749 3991 anno
766 3928 881 3992 ultima
903 3927 1117 3992 collectarum
1135 3927 1279 4013 epistola
1295 3915 1375 4004 data¹

166 4039 223 4110 θεῖ,
247 4029 330 4094 alias
354 4030 497 4114 scriptas
521 4052 604 4106 esse,
635 4031 791 4118 quoniam
814 4031 991 4096 Jansenius
1016 4053 1104 4094 anno
1134 4030 1215 4096 1638
1242 4031 1373 4096 demum

166 4141 312 4198 mortuus
329 4133 387 4197 sit:
410 4133 479 4211 sed,
496 4141 625 4198 ceterae
642 4157 709 4199 non
725 4135 758 4199 in
775 4135 881 4199 lucem
899 4135 1105 4219 prodierunt.

226 4235 442 4323 Propositum
466 4247 527 4314 θεῖ,
550 4260 619 4302 non
642 4261 766 4316 omnes,
789 4275 831 4286 —
854 4261 939 4325 quas
960 4247 1131 4304 exstantes
1153 4236 1229 4325 legi,
1253 4220 1372 4304 -bic

165 4339 325 4425 epistolas
340 4341 572 4416 transcribere,
588 4341 654 4404 huc
668 4363 747 4405 vero
760 4343 996 4427 pertinentium
1011 4342 1192 4406 sententias
1208 4339 1373 4406 inordina

165 4453 336 4508 contracto
361 4443 475 4529 quoad
496 4445 713 4509 intentionem
736 4455 883 4510 nostram
908 4469 1032 4512 eruere.
1082 4445 1234 4512 Probent
1257 4466 1372 4510 omnes

164 4544 230 4611 fere
245 4547 393 4610 intimam
415 4546 599 4622 amicitiam,
624 4570 721 4635 quam
737 4547 917 4614 Jansenius
934 4558 967 4614 et
983 4549 1221 4636 San-Cyrenas
1238 4555 1371 4614 contra·
