3084 5056
766 259 807 324 40

684 351 886 360 μ.

180 453 340 550 positioni
360 464 415 529 vel
435 463 522 529 libro
545 457 643 540 insit3
667 456 817 529 delinitio
835 463 920 528 enim
937 463 1113 552 dogmatis,
1136 453 1284 532 delinitio
1302 465 1392 531 scili-

181 568 290 633 catab
308 567 450 632 ecclesia
464 566 629 644 facienda,
651 589 731 632 num
751 567 943 654 propositio
966 567 1021 632 vel
1035 568 1120 635 liber
1135 592 1211 636 curn
1227 569 1393 658 dogmate,

181 693 253 736 cum
285 671 439 736 doctrina
468 671 616 736 revelata
645 672 851 748 consentiat,
883 693 944 736 nec
974 692 1032 748 ne,
1062 672 1118 737 isti
1141 675 1394 760 superstruitur.

179 775 258 840 Non
273 774 350 840 ideo
368 774 487 861 agitur,
504 781 542 839 ut
557 781 659 860 patet,
683 774 724 839 de
739 774 830 840 facto
843 774 975 839 interno
992 785 1025 840 et
1040 776 1239 862 subjective,
1261 775 1394 862 qualem

179 879 252 964 ipse
276 899 410 943 sensum
434 869 553 943 auctor
575 878 687 942 verbis
711 879 912 964 scriptorum
935 899 1071 944 sucrum
1089 879 1282 966 subjecerit:
1307 880 1395 944 circa

180 982 306 1048 factum
329 981 494 1068 ejusmodi
517 981 661 1047 ecclesia
682 981 868 1046 infallibilis
892 1004 961 1046 non
985 989 1052 1059 θεῖς
1076 983 1194 1069 agitur,
1218 993 1255 1049 ut
1270 983 1396 1048 dictum

181 1093 242 1162 est,
269 1085 480 1150 solummodo
511 1085 551 1150 de
577 1084 668 1150 facto
700 1093 838 1150 externo
866 1093 900 1150 et
925 1085 1105 1171 objectivc,
1136 1109 1211 1152 cum
1240 1086 1397 1174 dogmate

180 1190 295 1277 aliquo
325 1189 517 1253 necessario
549 1189 742 1305 conjuncte,
771 1189 894 1266 idest,
924 1190 1397 1267 innostrocasu,dcsensu

183 1293 332 1382 quinque
358 1291 631 1388 propositionum
659 1293 694 1356 in
724 1291 811 1356 libro
841 1291 991 1357 dansenii
1022 1298 1160 1356 content
1148 1297 1257 1358 torum
1283 1293 1396 1371 obvio,

181 1396 303 1484 object
295 1417 362 1475 rv0,
386 1404 543 1474 externo,
572 1395 697 1482 legenti
722 1403 930 1460 occurrente.
977 1394 1105 1460 Sensus
1127 1395 1226 1482 alicuj
1228 1419 1269 1462 us
1292 1397 1398 1461 thesis

181 1508 339 1566 externus
364 1505 398 1564 et
413 1499 601 1584 objectivus
624 1497 758 1586 quidem
775 1508 884 1563 tamen
907 1498 993 1564 idem
1011 1522 1085 1564 cum
1101 1499 1161 1564 illo
1177 1420 1348 1586 peJrsonali
1365 1509 1399 1566 et

182 1603 371 1690 subjective
389 1623 490 1666 sensu
507 1623 637 1686 semper
652 1601 722 1666 fere
739 1603 800 1666 crit
811 1602 848 1681 ¹).
883 1602 964 1666 Illas
982 1604 1130 1690 quinque
1144 1605 1398 1689 propositiones

182 1730 224 1772 ex
245 1705 476 1792 „Augustino“
498 1704 584 1770 libro
602 1703 790 1790 decerptas,
812 1705 1089 1792 quemadmodum
1107 1705 1228 1770 allatae
1244 1706 1397 1783 fuissent,

180 1811 217 1874 in
233 1831 268 1874 se
285 1815 464 1895 spectatas,
489 1808 695 1884 asserebant,
720 1807 927 1872 damnandas
949 1830 1033 1884 esse,
1057 1809 1174 1874 merito
1192 1811 1398 1895 proscriptas

182 1921 342 2000 tanquam
365 1912 567 1990 haercticas3
592 1911 776 1992 (distinctio
795 1913 923 1998 juria,
949 1911 1091 1976 ecclesia
1105 1909 1162 1978 hic
1181 1912 1398 1998 infallibilis);

183 2025 329 2082 attamen
351 2015 514 2080 contineri
531 2036 588 2078 eas
604 2016 638 2078 in
662 2016 894 2102 ,‚Augustino“
915 2015 1002 2080 libro
1019 2016 1108 2080 acin
1124 2038 1226 2081 sensu
1244 2024 1277 2081 et
1290 2025 1399 2081 menta

182 2120 331 2187 Jansenii
346 2118 533 2184 haereticas
551 2140 626 2182 esse
642 2117 811 2204 negabant
827 2118 1012 2198 (distinctio
1029 2118 1152 2195 facti,
1175 2117 1315 2185 ecclesia
1330 2141 1399 2184 non

184 2222 396 2306 infallibilis).
441 2221 518 2286 Hoc
540 2221 666 2286 factum
690 2221 777 2286 enim
801 2219 1150 2286 contendebantesse
1174 2243 1260 2286 mere
1283 2221 1398 2286 huma-

184 2350 262 2393 num
277 2352 285 2404 3
302 2327 390 2392 circa
404 2325 530 2390 factum
553 2347 633 2389 vero
650 2324 830 2388 humanum
848 2323 1008 2388 ecclesiae
1029 2323 1302 2390 infallibilitatem
1317 2324 1400 2390 nihil

183 2432 303 2496 valere.
349 2428 430 2493 Sese
446 2428 522 2494 ideo
540 2427 748 2492 conscientia
765 2448 833 2490 non
850 2427 1034 2491 obstrictos
1051 2449 1134 2502 esse,
1160 2428 1399 2514 proscriptioni

185 2535 406 2610 subscribere,
430 2555 492 2596 nec
515 2553 617 2618 posse
641 2553 701 2596 nec
725 2531 846 2595 debere
869 2553 905 2594 se
928 2529 1400 2616 obtemperare²J300010siao

184 2637 369 2703 definitioni
401 2636 489 2699 circa
519 2635 643 2700 factum
675 2634 844 2698 exhibitae
873 2634 1038 2699 internum
1069 2634 1188 2698 mentis
1217 2635 1400 2722 judiciique

185 2763 369 2816 assensum,
394 2739 453 2826 qui
467 2739 591 2825 injure
608 2737 796 2802 definiendo
821 2737 971 2803 exhiberi
994 2737 1140 2814 deberet,
1156 2737 1316 2823 praebere
1331 2759 1399 2804 non

185 2867 273 2932 opus
289 2867 381 2919 csse;
399 2841 593 2929 religiosum
609 2839 762 2905 sufficere
779 2840 956 2916 silentium,
971 2842 1072 2928 juxta
1088 2840 1182 2928 quod
1198 2844 1400 2908 contrarium

184 2972 254 3015 non
277 2948 464 3013 doceretur.
509 2943 652 3010 Probari
675 2943 775 3008 facile
795 2953 919 3030 potest,
943 2966 1100 3010 sanorum
1117 2951 1218 3032 atque
1235 2945 1399 3012 orthodo-

183 3075 303 3121 xorum
326 3049 564 3137 theologorum
589 3047 786 3113 sententiam
809 3047 896 3112 hanc
912 3069 981 3112 non
998 3070 1082 3125 esse,
1104 3049 1273 3135 probandi
1288 3059 1400 3116 tamen

184 3158 240 3224 hic
266 3156 396 3220 animus
418 3175 487 3216 non
510 3159 578 3230 est3
605 3150 673 3217 hoc
694 3150 803 3215 solum
825 3162 1003 3228 asseratur,
1027 3153 1133 3239 siqui
1155 3152 1306 3240 theologi
1328 3177 1399 3219 eam

186 3263 441 3348 propugnantes
467 3255 685 3341 reperiantur,
717 3253 760 3318 ad
787 3253 1044 3320 Jansenisticam
1074 3255 1159 3321 istos
1181 3257 1343 3322 rationem
1367 3266 1400 3323 et

186 3363 372 3428 doctrinam
391 3359 589 3446 pertingere.

249 3465 337 3529 Huic
367 3463 511 3548 dejure
540 3460 701 3546 factoque
728 3459 947 3535 contentioni,
975 3459 1030 3524 cui
1056 3458 1195 3525 alendae
1219 3462 1399 3548 praecipue

185 3571 333 3658 quatuor
355 3566 507 3652 episcopi
530 3563 695 3651 gallicani,
718 3561 874 3628 Pavillon
895 3563 970 3628 Alet
972 3561 1097 3652 heusis,
1122 3561 1239 3628 Caulet
1253 3563 1397 3630 Pamier-

184 3673 303 3749 sensis,
327 3667 500 3757 Bujenval,
523 3666 791 3742 Beauvaisensis,
814 3667 964 3732 Arnauld
993 3645 1283 3754 Andagavensis
1274 3669 1397 3733 rmmis·

185 3776 292 3842 cendo
324 3796 360 3838 se
391 3771 581 3844 studebant,
613 3769 757 3856 denique
785 3791 873 3834 auno
903 3769 995 3836 1669.
1022 3770 1097 3836 finis
1120 3771 1304 3855 impositus
1335 3781 1396 3848 est,

186 3902 289 3968 quum
312 3877 366 3942 isti
390 3874 541 3961 episcopi
563 3894 651 3938 anno
677 3873 768 3942 1668.
790 3895 903 3940 mense
919 3873 1125 3960 Septembris
1140 3873 1301 3938 formulae
1317 3876 1397 3939 sub·

183 3981 399 4068 scripsissent
416 3975 631 4052 declarando,
654 3999 690 4041 se
705 3998 768 4062 pro
789 3977 888 4043 facto
899 3977 1155 4043 submissionem
1170 3987 1345 4062 respectus
1361 3989 1395 4042 et

182 4083 382 4172 disciplinae
411 4080 619 4167 promittere,
650 4102 754 4168 quare
784 4081 940 4167 pontifex
969 4081 1066 4146 Brevi
1098 4101 1186 4144 anno
1219 4079 1311 4151 1669.
1341 4081 1396 4148 die

186 4257 387 4272 ----—-··-

254 4340 274 4410 1)
293 4338 478 4393 Institutioues
491 4337 658 4409 theologicae
671 4337 846 4390 concinnatae
860 4354 875 4389 a
887 4337 991 4390 Joenne
1004 4335 1136 4402 Schuetz,
1149 4336 1298 4408 Theologia
1310 4355 1392 4409 gene-

181 4427 245 4480 ralis
259 4445 307 4480 seu
320 4425 533 4490 fundamentalis,
553 4424 632 4478 editio
647 4424 684 4477 alt
673 4432 739 4489 tera,
750 4423 870 4477 Viennae
885 4427 958 4488 1854,
971 4442 998 4495 p
1012 4426 1072 4480 531

249 4515 275 4584 ²)
295 4512 415 4568 Oeuvres
429 4512 461 4566 de
473 4511 601 4566 Fendlon
619 4510 767 4564 Versailles
783 4514 859 4567 1821
