3084 5056
740 333 868 428 253*

160 537 304 602 dunensi
333 537 424 603 1727.
455 546 487 602 01
516 537 558 602 ab
589 537 745 601 universo
775 534 900 600 mundo
931 534 1100 599 catholico
1114 535 1152 620 ¹),
1182 535 1370 599 damnatam

159 663 245 718 esse,
278 641 349 706 101.
382 641 687 726 propositionibus,
718 661 804 726 quae
833 635 993 718 Quosneli
1020 639 1107 703 libro
1139 637 1370 716 „Reflexiones

159 743 368 827 morales²)“
399 751 578 808 contentae
608 752 715 819 erant,
744 743 952 828 proscriptis.
1004 741 1157 806 Noallius
1187 740 1369 824 archiepis·

160 869 270 932 copus
293 846 491 911 Parisiensis
514 847 632 910 librum
657 845 917 925 Quesnellannm
938 844 1118 930 prohibuit,
1141 843 1265 908 bullam
1288 863 1369 930 nero

160 947 365 1035 pontificiam
387 949 586 1034 repudiavit,
610 950 870 1014 assentientibus
891 970 968 1011 mox
990 955 1136 1034 quatuor
1152 946 1320 1032 episcopis
1337 956 1370 1010 01
1411 933 1421 944 “

162 1053 234 1121 106.
266 1053 462 1117 doctoribus
498 1049 694 1118 Serbonicis
732 1053 873 1139 aliisque
910 1050 1087 1116 concilium
1123 1050 1369 1114 oecumenicum

159 1155 419 1244 appellantibus,
442 1177 530 1219 anno
555 1157 766 1232 1717.,00(10
788 1155 1067 1241 „appellantium“
1090 1175 1212 1217 nomen
1228 1153 1275 1217 010
1291 1173 1370 1216 con-

159 1260 244 1346 tigit.
298 1259 397 1323 Bulla
426 1257 631 1336 „Pastoralis
662 1257 792 1322 0111011*
822 1280 909 1321 0000
947 1258 1037 1322 1718.
1071 1255 1221 1320 exhibita
1254 1277 1369 1320 omnes

160 1358 405 1428 Constitutioni
440 1361 692 1448 „Unigenitus“
725 1362 940 1426 adversantes
971 1359 1247 1440 excommunicati
1281 1369 1369 1436 sunt,

162 1463 513 1552 000011100101010101,
530 1486 751 1553 quoscunque
765 1465 962 1538 catholicos,
981 1464 1038 1550 qui
1050 1462 1174 1526 bullam
1188 1461 1367 1549 „Unigeni-

157 1578 235 1634 tus¹⁸
260 1590 328 1632 non
352 1569 571 1653 susciperent,
595 1589 613 1631 a
637 1568 805 1632 Romanae
825 1567 998 1632 Ecclesiae
1021 1566 1096 1630 sinu
1118 1565 1217 1650 01000
1239 1565 1369 1630 0110000

158 1695 243 1737 0000.
289 1671 443 1736 Noallius
461 1672 601 1757 primum
613 1669 793 1744 haesitans,
810 1670 929 1734 exinde
945 1669 1038 1733 firmo
1051 1669 1229 1754 proposito
1244 1668 1369 1734 bullam

159 1773 399 1862 „Unigenitus“
425 1774 598 1860 amplexus
620 1784 671 1839 est
686 1796 772 1840 anno
793 1773 894 1850 1728,
918 1795 1015 1860 00010
1032 1771 1241 1857 appellantes
1258 1772 1368 1849 ceteri,

160 1878 275 1964 paucis
298 1878 456 1962 exceptis,
482 1877 617 1964 sequuti
640 1886 719 1942 sunt
740 1877 946 1941 obedientes.
991 1874 1209 1961 Appellantes
1232 1875 1369 1940 veroin

159 1989 332 2067 posterum
352 2003 420 2044 non
443 1981 542 2066 01000
564 1981 720 2044 exstincti
742 1988 830 2055 sunt,
854 1979 1006 2066 quamvis
1028 1978 1230 2042 Bonmontio
1247 1978 1367 2062 (Bean-

161 2090 264 2164 mont)
292 2084 548 2170 archiepiscopo
582 2083 761 2147 Parisiensi
796 2091 897 2169 atque
932 2081 1051 2147 deinde
1080 2068 1247 2146 Clemente
1274 2080 1367 2146 XIV.

162 2209 249 2274 papa
268 2187 342 2252 lites
364 2208 565 2272 componere
588 2188 726 2254 conatis.
779 2186 898 2272 Sopita
919 2193 1030 2250 tamen
1053 2193 1122 2249 tum
1144 2184 1293 2250 haeresis
1316 2192 1367 2248 001

162 2290 194 2354 10
217 2289 484 2366 Franco-Gallia,
507 2290 564 2354 uhi
585 2291 727 2376 primum
749 2289 877 2354 animos
899 2289 1114 2374 perturvavit‚
1137 2310 1244 2353 1010111
1261 2309 1366 2353 nova·

157 2415 228 2458 rum
246 2393 388 2479 cupidos
405 2403 506 2478 atque
528 2394 701 2457 studiosos
717 2393 871 2470 reddidit,
894 2391 1036 2456 dissidia
1059 2393 1145 2456 inter
1165 2399 1367 2477 potestatem

157 2495 365 2582 spiritualem
388 2504 421 2560 01
444 2496 647 2560 saecularem
667 2498 800 2582 sparsit,
824 2497 995 2582 potentiae
1015 2497 1126 2582 regiae
1141 2515 1253 2560 ansam
1270 2517 1365 2581 0100·

156 2601 239 2676 buit,
256 2623 292 2664 00
306 2599 511 2664 immiscendi
535 2617 568 2664 et
583 2600 775 2665 dominandi
790 2601 940 2687 regimini
956 2597 1193 2664 ecclesiastice.

220 2702 260 2766 In
284 2703 400 2790 Belgio
424 2725 504 2767 vero
527 2702 695 2768 1100101100
719 2703 895 2788 disciplina
919 2725 958 2768 eo
982 2723 1161 2789 progressa
1184 2708 1244 2778 001,
1272 2700 1367 2764 utin

155 2807 302 2872 schisma
331 2812 571 2892 prorumperet.
622 2805 802 2882 Bellorum,
833 2828 919 2894 quae
948 2815 1043 2894 gesta
1073 2813 1161 2881 sunt,
1189 2804 1311 2890 injuria
1333 2810 1367 2868 01

155 2909 430 2985 acatholicorum,
454 2910 511 2996 qui
532 2910 567 2973 in
586 2918 691 2974 101100
711 2911 909 2996 migrarunt,
932 2907 1092 2973 violentia
1114 2907 1211 2972 sedes
1234 2907 1365 2992 episco-

155 3013 250 3099 pales
267 3033 423 3076 unacum
446 3013 702 3098 metropolitana
728 3013 901 3100 Ultrajecti
918 3011 1060 3077 ecclesia
1076 3011 1260 3076 exstinctae
1276 3016 1364 3075 sunt.

154 3115 336 3181 Pontifices
364 3116 502 3191 romani,
532 3127 570 3180 ut
599 3117 701 3180 saluti
728 3139 874 3202 pascuae
899 3115 1085 3180 catholicae
1108 3114 1155 3179 ibi
1178 3113 1364 3178 collocatae

155 3240 354 3284 numerosae
392 3223 623 3304 prospicerent
652 3219 872 3295 consulendo,
907 3219 1050 3282 vicarios
1085 3216 1293 3304 apostolicos
1322 3214 1364 3280 ad

156 3322 333 3409 regendam
350 3338 353 3342 ’
373 3322 546 3387 0001001001
584 3324 752 3388 miserunt.
812 3321 1000 3387 Sasboldus
1037 3319 1179 3398 Vismer,
1216 3317 1363 3384 Nuntius

158 3425 378 3502 Coloniensis,
409 3447 429 3489 a
458 3425 621 3513 Gregorio
651 3425 740 3491 XIII.
768 3425 864 3508 (1572
884 3463 920 3472 -
940 3423 1033 3508 1582)
1063 3424 1190 3510 0110100
1219 3421 1364 3487 vicarius

156 3528 366 3614 apostolicus
393 3529 589 3594 dioeceseos
618 3528 862 3615 Ultrajcotinae,
893 3527 1012 3592 deinde
1036 3527 1182 3590 omnium
1204 3533 1365 3592 terrarum

154 3631 357 3718 belgicarum
381 3633 595 3709 constitutus,
618 3654 638 3695 a
660 3631 827 3696 Clemente
844 3631 933 3698 VIII.
957 3629 1216 3714 (1592-1605.)
1237 3629 1362 3694 Romae

154 3735 336 3822 episcopus
358 3735 585 3822 Philippensis
612 3735 646 3798 in
670 3735 821 3820 partibus
843 3734 1023 3799 infidelium
1053 3755 1141 3798 anno
1167 3731 1257 3798 1602.
1282 3753 1362 3797 000-

154 3847 306 3904 00010100
322 3846 355 3903 01
370 3837 587 3925 Ultrajectum
603 3838 761 3903 remissus
778 3847 837 3915 est,
858 3845 1037 3924 potestate,
1055 3858 1141 3926 quae
1158 3857 1362 3923 quocunque

153 3950 304 4027 10010010
333 3941 477 4006 rescindi
508 3948 655 4027 poterat,
685 3940 751 4026 ipsi
781 3939 944 4027 delegata.
1004 3939 1065 4006 Cui
1094 3939 1214 4006 Petrus
1243 3940 1362 4006 Roven

225 4213 248 4284 ¹)
267 4212 438 4265 Enchiridion
451 4212 641 4284 Symbolorum
655 4218 682 4265 et
695 4211 878 4266 Definitionum
892 4219 943 4268 010.
957 4213 1039 4267 edidit
1050 4211 1096 4270 Dr.
1107 4213 1189 4270 Henr.
1204 4211 1366 4284 Denzinger,

153 4299 324 4369 Wirceburgi
340 4301 417 4356 1854.

221 4386 247 4453 ²)
267 4383 305 4438 Le
327 4384 458 4439 Nouveau
481 4384 640 4438 Testament
665 4402 697 4438 en
721 4383 848 4451 11000010,
873 4403 937 4439 avec
956 4386 1005 4440 des
1022 4385 1165 4440 reflexione
1184 4385 1298 4439 morales
1317 4401 1364 4440 sur

155 4472 258 4542 chaque
270 4479 361 4526 verset
372 4480 421 4527 etc.
457 4473 482 4525 A
494 4472 569 4525 Paris
585 4473 659 4536 1687,
674 4474 749 4530 1699.
