3050 5046
636 321 834 422 *nc-

112 525 261 590 ordinis
282 527 439 591 veritates
463 545 681 612 cognoscere,
704 525 865 603 faciliora,
888 545 958 588 non
981 523 1178 599 difficiliora,
1202 527 1336 586 natura-

110 627 159 690 lis
195 628 391 692 honestatis
423 650 526 714 opera
547 649 720 715 peragere,
749 629 851 708 leves,
881 649 950 691 non
974 649 1103 713 graves,
1133 625 1336 690 tentationes

111 753 308 816 superare3
331 731 432 795 homo
449 731 566 816 lapsus
582 733 775 817 priusquam
791 730 867 794 fidei
884 731 1023 818 gratiam
1038 736 1267 815 consequutus
1284 729 1338 806 sit,

110 834 149 897 id
182 843 255 908 est,
284 834 426 898 infidelis
458 843 571 919 potest
596 834 733 920 speciali
759 835 884 921 gratiae
911 833 1077 918 adjutorio
1100 853 1168 896 non
1190 833 1337 896 munitus

109 937 293 1012 faciliora,
310 939 434 1024 gratiae
451 937 589 1003 actualis
605 937 730 1000 auxilio
748 937 893 1002 donatus
908 935 1096 1000 difficiliora
1111 955 1213 1020 opera
1227 921 1335 998 mora-

109 1040 201 1104 liter
218 1041 310 1104 bona
326 1039 492 1124 perficere,
513 1062 582 1104 non
599 1040 732 1127 quidem
749 1038 1023 1124 supernaturalia,
1039 1037 1237 1102 adsalutem
1254 1058 1335 1101 con·

110 1143 280 1219 ferentia,
304 1165 390 1230 quae
412 1165 454 1207 ex
478 1143 553 1208 sola
573 1143 637 1208 fide
659 1143 875 1228 proveniunt3
899 1151 1011 1227 potest
1027 1141 1097 1205 sine
1113 1141 1218 1227 gratia
1233 1139 1335 1220 leves,

112 1268 200 1309 cum
228 1247 336 1332 gratia
351 1267 470 1333 graves
486 1247 687 1310 tentationes
703 1247 878 1330 reprimere
884 1269 892 1323 ;
915 1243 1023 1308 fidelis
1038 1251 1197 1330 peccator
1213 1252 1335 1328 potest,

116 1350 293 1434 quoniam
308 1348 392 1413 fides
415 1350 486 1414 sine
502 1349 664 1414 charitate
681 1349 751 1412 sive
762 1347 1001 1434 justificatione
1017 1347 1200 1412 subsistere
1216 1346 1335 1431 possit,

110 1453 254 1538 gratiae
270 1452 403 1516 auxiliis
421 1453 486 1538 ipsi
503 1474 522 1515 a
538 1452 601 1516 deo
620 1453 790 1516 concessis
806 1451 848 1514 ad
858 1450 1129 1539 justificationem
1145 1449 1332 1532 adipiscen-

110 1556 197 1618 dam
222 1577 262 1618 se.
281 1554 476 1640 disponere,
501 1565 614 1640 potest
634 1563 711 1619 ante
732 1554 829 1618 fidem
846 1553 916 1616 sive
930 1553 1007 1616 fidei
1022 1553 1236 1617 vocationem
1251 1574 1332 1616 con-

112 1679 254 1722 cessam
286 1678 388 1742 opera
411 1658 471 1721 etsi
495 1658 656 1722 naturalis
679 1666 808 1722 tuntum
832 1654 968 1734 ordinis,
996 1655 1147 1742 quamvis
1169 1676 1239 1720 non
1261 1655 1333 1719 sine

110 1760 240 1847 aliquo
264 1761 389 1848 gratiae
416 1761 556 1826 actualis
586 1761 753 1848 adjutorio
778 1759 942 1838 confecta,
964 1780 1139 1845 peragere;
1168 1757 1331 1844 ejusmodi

113 1885 230 1949 opera
250 1885 319 1926 non
341 1871 421 1928 sunt
441 1877 592 1949 peccata,
616 1872 730 1953 potest
753 1863 843 1928 dono
859 1863 984 1949 gratiae
1004 1861 1144 1927 actualis
1160 1860 1331 1946 praeditus

112 1976 201 2031 aute
225 1965 499 2052 justificationem
529 1975 694 2052 peractam
726 1975 820 2030 actus
855 1967 966 2030 bonos
997 1973 1030 2030 ct
1059 1963 1330 2050 supernaturales

113 2069 242 2133 elicere
261 2068 358 2134 fidem
380 2080 568 2155 sequentes,
593 2070 666 2156 qui,
690 2070 815 2156 quippe
835 2091 854 2132 a
877 2076 1052 2154 peccatore
1073 2075 1149 2131 ante
1166 2065 1329 2152 justifica·

115 2173 250 2236 tionem
271 2171 424 2257 perfecti,
447 2173 560 2258 itaque
582 2194 650 2236 nou
672 2171 840 2247 meritorii,
863 2179 973 2234 tamen
995 2191 1065 2234 non
1086 2177 1226 2256 peccata
1241 2177 1328 2234 sunt.

116 2274 373 2340 Catholicorum
396 2275 560 2361 ejusmodi
582 2276 734 2340 doctriua
756 2296 829 2339 cum
852 2273 1032 2338 eorundem
1052 2272 1094 2338 de
1116 2280 1206 2338 statu
1220 2271 1327 2336 homi-

115 2378 171 2440 nis
201 2378 333 2462 integro
367 2387 400 2441 et
429 2377 526 2463 lapso
558 2401 617 2462 per
645 2379 760 2444 Jesum
789 2377 955 2442 Christum
985 2383 1140 2462 reparato
1171 2397 1326 2440 connexu

114 2481 238 2544 intimo
255 2480 422 2546 cohaeret.
459 2480 569 2561 Quare
583 2482 786 2560 lanseniani,
802 2482 900 2546 sicuti
910 2483 980 2566 jam
994 2481 1171 2556 innuimus,
1188 2500 1326 2544 erronee

114 2593 150 2648 et
166 2606 325 2670 perverse
341 2583 381 2648 de
397 2594 538 2671 utraque
556 2587 697 2648 hominis
715 2585 907 2648 conditione
924 2583 1115 2662 sentientes,
1131 2581 1324 2658 Lutherum,

116 2685 294 2751 Calvinum
325 2697 357 2750 et
385 2687 502 2773 Bajum
533 2697 710 2774 sequentes
739 2688 773 2750 in
803 2707 932 2750 errores
954 2683 1060 2772 'etiam
1089 2685 1176 2748 eirca
1201 2685 1326 2771 gratiae

114 2791 353 2855 necessitatem
375 2789 573 2858 inciderunt.
618 2791 766 2853 Luthero
784 2798 816 2852 et
832 2788 971 2854 Calvino
991 2786 1200 2860 docentibus,
1218 2787 1325 2851 homi·

115 2915 195 2956 nem
217 2915 278 2978 per
298 2901 472 2978 peccatum
499 2892 709 2978 primordiale
726 2891 890 2978 justitiam
915 2889 1107 2978 originalem
1130 2912 1204 2954 cum
1227 2890 1325 2954 donis

118 2995 373 3082 privilegiisque
395 2994 474 3059 huic
501 2996 667 3082 adjunctis
696 3003 796 3080 prout
822 2994 1055 3058 excreatione
1083 2993 1149 3079 ipsi
1179 2992 1324 3058 debitam

115 3119 260 3182 prorsus
288 3098 438 3161 amisisse
467 3099 579 3184 itaque
607 3098 816 3162 essentialem
845 3105 984 3162 naturae
1010 3105 1140 3182 partem
1169 3095 1323 3182 deperdi-

117 3201 219 3277 disse,
242 3201 276 3263 in
299 3209 437 3265 naturae
460 3223 539 3264 suae
563 3201 732 3265 essentiali
759 3209 855 3286 parte
876 3201 924 3264 ita
945 3200 1155 3266 vulneratum
1178 3221 1261 3277 esse,
1284 3207 1322 3264 ut

117 3303 203 3368 nihil
230 3304 349 3390 integri
375 3306 556 3382 retinuerit,
580 3316 613 3369 et
634 3305 739 3369 libero
763 3304 900 3369 arbitrio
924 3304 1021 3389 plane
1044 3304 1210 3368 exstincto
1234 3302 1323 3366 omni

118 3407 271 3489 potentia
293 3407 498 3493 intelligendi
522 3422 554 3470 et
576 3407 711 3471 volendi
734 3408 915 3472 destitutus
939 3407 991 3486 sit,
1014 3406 1057 3470 ad
1081 3406 1323 3470 omnebonum

118 3509 271 3573 naturale
294 3510 364 3572 sive
386 3509 510 3572 morale
534 3508 738 3574 efficiendum
761 3521 922 3586 mortuus,
947 3509 1156 3574 solummodo
1179 3508 1222 3572 ad
1242 3531 1320 3594 pec·

119 3613 260 3677 candum
282 3624 397 3696 aptus3
420 3612 585 3676 hominem
600 3613 748 3677 noudum
769 3622 918 3678 renatum
940 3615 975 3676 in
991 3613 1145 3677 omnibus
1162 3612 1321 3697 operibus

119 3736 268 3798 peccare,
292 3736 333 3777 ex
356 3725 513 3800 corrupta
535 3716 679 3780 hominis
701 3725 819 3780 natura
842 3715 925 3780 nihil
947 3717 1012 3780 nisi
1033 3715 1220 3780 damnabile
1242 3737 1320 3800 pro-

119 3815 198 3894 dire,
221 3816 298 3880 ideo
321 3819 431 3881 omnia
452 3818 631 3883 infidelium
653 3841 755 3904 opera
769 3820 908 3885 totidem
924 3828 1073 3905 peccata,
1095 3817 1320 3904 philosopho-

117 3942 189 3984 rum
211 3918 352 3984 virtdtes
372 3920 511 3986 totidem
528 3923 609 3988 vitia
625 3945 698 3986 esse
710 3923 749 4006 ¹),
771 3922 973 3999 Janseniani‚
996 3924 1142 4008 inquam,
1158 3919 1318 4000 Luthero,

117 4109 321 4120 -ο--ι-ι

190 4210 212 4279 ¹)
231 4208 320 4261 Homo
338 4209 430 4280 lapsus
448 4228 497 4281 per
513 4217 650 4281 peccatum
669 4211 756 4264 amisit
772 4211 947 4283 imaginem
967 4209 1016 4274 dei,
1034 4211 1061 4262 iu
1078 4209 1161 4262 Solid.
1182 4209 1278 4264 declar.
1297 4212 1318 4264 1.

118 4293 151 4346 de
168 4303 280 4366 peceato
298 4295 392 4366 origini
410 4297 432 4366 ξ.
451 4300 474 4352 9.
494 4315 521 4367 p.
539 4301 593 4352 ea:
612 4296 757 4362 „Doeetur,
775 4299 847 4368 quod
863 4305 1000 4368 peccatum
1019 4297 1127 4368 originis
1141 4297 1175 4350 sit
1186 4297 1318 4351 horribilis

118 4379 237 4433 defectus
251 4390 408 4434 concreatae
420 4384 445 4434 in
458 4383 584 4452 paradiso
593 4382 713 4452 justit-iae
727 4385 862 4454 originalis
876 4392 902 4437 et
915 4385 1023 4436 amissio
1037 4401 1085 4437 seu
1097 4383 1209 4455 privatio
1222 4385 1315 4456 imagi-

117 4467 157 4518 nis
171 4468 239 4521 dei.“
266 4467 409 4531 „Mortuus
421 4469 501 4521 horno
515 4469 548 4521 ad
561 4469 738 4540 quodcunque
750 4471 849 4523 bonum
862 4470 981 4523 naturale
994 4488 1042 4523 seu
1054 4469 1155 4523 morale
1168 4483 1217 4537 est,
1230 4489 1317 4544 neque

118 4554 193 4608 aliam
211 4554 317 4609 retinuit
334 4555 505 4628 aptitudinem
523 4556 574 4610 nisi
592 4557 624 4609 sd
642 4557 817 4630 peccandum:
836 4557 902 4612 lbid.
919 4557 942 4628 ξ.
960 4561 1002 4614 31.
1015 4575 1040 4630 p.
1054 4560 1113 4624 616,
1126 4563 1199 4616 tlt:
1218 4580 1314 4636 „repu-
