3050 5046
633 342 833 442 Q

126 549 309 636 negaverit,
332 549 516 614 doctrinam
539 545 766 612 Calvinianam
787 546 891 610 abiis
914 543 1119 631 praedicari?
1161 543 1245 609 Nam
1265 565 1334 608 non

129 653 302 740 effugiunt,
326 651 477 738 nihilque
493 650 679 736 proficiunt,
701 649 792 714 facta
807 650 932 735 gratiae
947 649 979 713 iu
996 648 1185 714 absolutam
1201 663 1234 712 et
1248 647 1332 734 rela-

127 758 229 820 tivam
258 755 433 819 divisione.
483 751 616 817 Certum
643 763 695 818 est
720 774 778 817 eos
802 752 944 829 tradere,
972 753 1077 840 gratia
1102 751 1334 816 delectationis

126 859 312 944 superioris
336 879 375 922 ac
397 857 542 921 victricis
565 855 766 931 dominante,
789 876 919 918 omnem
942 854 1173 941 cupiditatem,
1196 862 1335 939 propter·

127 963 268 1048 gratiam
297 959 500 1045 superiorem
538 958 740 1035 trahentem,
776 979 844 1022 non
882 958 964 1022 satis
992 959 1109 1022 virium
1139 957 1262 1022 habere
1292 956 1334 1020 ad

124 1063 361 1138 resistendum,
391 1061 536 1148 ideoque
566 1061 718 1146 opprimi,
750 1081 861 1146 quare,
892 1061 1042 1147 quamvis
1071 1059 1256 1126 reluctante
1285 1080 1334 1136 ea,

129 1166 239 1230 virtus
260 1165 459 1250 perficiatur,
483 1174 628 1240 econtra,
651 1165 802 1248 potentia
822 1185 930 1229 rerum
952 1162 1191 1230 mundanarum
1213 1172 1246 1226 et
1262 1183 1334 1226 car·

122 1268 251 1331 nalium
264 1268 465 1342 dominante,
477 1267 616 1351 gratiam
628 1278 665 1331 ut
677 1267 845 1344 minorem,
858 1268 939 1331 satis
950 1268 1067 1331 virium
1081 1265 1332 1332 nonhabeutem

123 1371 172 1435 ad
193 1370 361 1434 libidinem
383 1367 591 1446 vincendam,
614 1370 762 1456 superari
784 1387 894 1456 atque,
917 1369 1069 1456 quamvis
1085 1390 1123 1434 ea
1138 1369 1332 1448 reluctante,

123 1483 302 1560 peccatum
320 1472 515 1558 perpetrari.

194 1575 386 1640 Janseuiani
409 1576 510 1662 igitur
531 1573 748 1651 contendunt,
770 1573 936 1640 hominem
960 1574 1022 1638 sub
1043 1575 1168 1662 gratiae
1187 1573 1334 1638 motione

123 1690 315 1743 versantem
345 1679 561 1762 impotentem
591 1699 664 1741 esse
694 1677 736 1742 ad
765 1678 849 1743 male
877 1677 1051 1763 agendum,
1081 1698 1150 1741 non
1180 1675 1334 1740 absolute

125 1781 273 1868 quidem,
290 1781 349 1844 sed
364 1779 511 1856 relative,
527 1789 678 1865 spectata
694 1781 765 1866 ejus
781 1802 820 1844 ea
831 1779 1063 1864 dispositione,
1079 1801 1147 1866 qua
1162 1780 1334 1866 superiore

127 1883 351 1948 delectatione
388 1883 525 1947 coelesti
561 1893 689 1947 tractus
724 1905 852 1948 omnem
888 1883 1100 1968 cupiditatem
1128 1891 1280 1967 superet3
1316 1905 1334 1947 e

128 1997 247 2051 contra
267 1986 443 2062 hominem,
467 1987 530 2050 sub
551 1986 744 2071 cupiditatis
765 1986 913 2050 motione
933 1985 1112 2062 detentum,
1136 1987 1259 2070 pariter
1275 1987 1332 2048 iur-

127 2101 300 2174 potentem
332 2111 406 2154 esse
435 2088 479 2154 ad
511 2089 595 2154 bene
621 2089 795 2176 agendum,
824 2111 891 2153 non
919 2088 1074 2153 absolute
1100 2088 1243 2174 quidem,
1274 2089 1333 2154 sed

126 2191 266 2257 relative
282 2193 326 2258 ad
340 2193 561 2258 resistentiam
579 2192 783 2277 superiorem
798 2192 917 2257 virium
935 2190 1126 2256 carnalium.

192 2294 393 2380 Principium
415 2296 482 2361 hoc
504 2294 673 2360 Lutherus
693 2307 850 2381 tanquam
873 2316 968 2358 suum
990 2293 1134 2379 profert:
1157 2292 1332 2371 „Humana

127 2394 287 2459 voluntas
310 2398 344 2462 in
365 2399 474 2464 medio
495 2399 608 2484 posita
629 2409 689 2475 est,
713 2421 774 2463 ceu
789 2399 992 2486 jumentum3
1016 2398 1045 2462 si
1064 2397 1224 2462 insederit
1239 2395 1332 2472 deus,

127 2498 202 2564 vult
228 2509 261 2565 et
283 2501 383 2577 vadit,
409 2523 477 2588 quo
500 2502 573 2568 vult
595 2502 693 2577 deus;
720 2503 749 2566 si
770 2501 930 2566 insederit
952 2511 1057 2580 satan,
1083 2499 1156 2564 vult
1178 2508 1211 2564 ct
1232 2499 1334 2577 vadit,

128 2623 197 2688 quo
228 2603 301 2667 vult
330 2615 442 2668 satan:
465 2627 527 2668 nec
558 2615 609 2668 est
634 2607 666 2669 in
690 2606 762 2690 ejus
788 2605 935 2678 arbitrio,
965 2603 1009 2667 ad
1038 2602 1139 2667 alium
1168 2623 1333 2666 sessorem

128 2725 261 2769 currere
283 2715 341 2768 aut
363 2707 458 2768 etiarn
483 2727 650 2790 quaerere,
675 2707 734 2770 sed
755 2706 820 2790 ipsi
841 2725 991 2770 sessores
1012 2717 1140 2770 certant
1159 2705 1203 2770 ad
1223 2705 1332 2790 ipsum

130 2803 349 2870 obtinendum
364 2816 398 2868 et
412 2806 652 2890 possidendum
665 2806 725 2889 1).“

192 2909 245 2974 Ex
265 2907 316 2982 iia,
340 2927 426 2991 quae
447 2909 489 2972 de
510 2909 663 2974 doctrina
682 2908 885 2974 danseniana
905 2909 994 2975 dicta
1015 2919 1102 2986 sunt,
1126 2909 1332 2996 intelligitur,

129 3033 198 3076 non
229 3031 316 3096 opus
346 3030 431 3083 esse,
461 3009 562 3076 latius
592 3012 699 3076 fusius
723 3012 895 3091 disserere,
926 3034 995 3076 eam
1022 3012 1207 3078 catholicae
1234 3013 1332 3098 plane

128 3135 325 3201 repugnare,
356 3113 383 3177 si
415 3113 547 3199 quidem
577 3113 666 3178 clare
695 3125 817 3200 pateat,
848 3115 1021 3180 ecclesiam
1051 3138 1181 3201 semper
1210 3131 1330 3192 tenero,

128 3218 255 3280 homini
271 3218 377 3302 justo,
401 3217 506 3302 gratia
528 3215 654 3280 efficaci
677 3239 745 3281 non
768 3231 927 3303 spectata,
954 3242 996 3283 ex
1017 3219 1091 3283 sola
1112 3219 1218 3305 gratia
1238 3219 1330 3283 sufli-

129 3321 237 3384 ciente
260 3341 388 3384 omnem
412 3334 445 3384 et
467 3319 746 3405 expeditissimam
770 3331 968 3405 potestatem
992 3343 1075 3399 esse,
1097 3323 1204 3386 carnis
1225 3332 1331 3386 teuta·

130 3423 239 3486 tiones
265 3434 366 3509 atque
392 3423 582 3507 cupiditatis
604 3423 855 3509 repugnantiam
881 3425 1033 3509 quamvis
1054 3424 1268 3490 vehementes
1291 3448 1330 3491 ac

128 3524 294 3601 ardentes,
324 3526 512 3610 superandi,
543 3548 629 3613 quae
659 3538 810 3612 potestas
836 3528 916 3591 insit
944 3549 1012 3592 non
1043 3528 1161 3604 solum,
1192 3527 1328 3615 quaudo

127 3732 335 3818 respiciatur.

627 3839 827 3850 *-

190 3935 303 4001 Finem
326 3957 491 4021 ponamus
519 3935 574 4002 hic
603 3936 696 4002 alteri
725 3937 830 4004 libelli
858 3937 955 4024 parti.
1005 3936 1077 4004 Deo
1107 3939 1136 4004 si
1156 3939 1327 4025 placuerit,

127 4038 232 4105 altera
248 4048 415 4126 sequetur.

126 4227 326 4238 Μ

198 4325 219 4394 ¹)
239 4322 315 4377 Luth.
328 4322 361 4378 de
376 4341 445 4379 serv.
459 4325 548 4382 arbitr.
