3050 5046
762 329 827 396 ’138

693 419 890 432 ...μ--..μ

188 551 251 596 nos
279 549 431 617 peccare;
459 532 603 598 carnalis
629 533 806 600 delectatio
834 533 862 598 si
888 535 1042 620 superior
1066 533 1125 612 sit,
1154 532 1312 619 delinqui.
1357 530 1398 596 Si
1509 547 1510 550 ’

188 657 263 699 cum
285 635 472 700 ardentiore
494 636 676 722 cupiditate
692 637 869 724 coctligere
885 637 1006 701 debeat
1021 637 1175 721 superius
1191 634 1396 721 adjutorium

189 738 420 804 delectationis
436 739 603 818 coelestis,
616 749 687 808 tum
700 741 906 805 voluntatem
922 742 956 804 in
969 741 1142 806 desideriis
1154 741 1188 804 in
1202 738 1395 804 efficacibus

189 841 335 910 haerere.
381 841 482 921 Quod
504 844 533 907 si
548 851 666 910 neutra
683 843 860 908 delectatio
877 845 1077 928 praevaleat,
1101 843 1172 907 sive
1188 843 1341 932 superior
1355 862 1396 904 ac

188 945 309 1010 victrix
330 945 388 1021 sit,
411 946 458 1026 ita
478 955 516 1010 ut
537 947 642 1012 altera
662 947 757 1012 alteri
778 946 910 1032 aequali
932 947 1080 1030 pondere
1095 953 1273 1032 repugnet,
1296 943 1395 1008 alter·
1510 949 1511 994 l

187 1059 289 1113 nante
304 1047 562 1114 delectationum
576 1049 690 1125 fluctu,
713 1051 746 1113 in
761 1049 871 1114 medio
884 1051 1053 1115 remaneri.
1070 1087 1111 1098 —-

252 1150 335 1225 Sed,
364 1151 422 1216 ubi
444 1153 583 1238 primum
598 1152 791 1217 Jansenium
812 1155 1031 1240 cognovimus
1053 1151 1313 1239 praedicavisse,
1337 1149 1395 1214 de·

187 1253 400 1318 lactationem
423 1255 589 1342 quandam
611 1255 777 1322 hominem
799 1277 840 1320 ex
862 1256 988 1342 origiue
1005 1277 1066 1322 sua
1081 1264 1219 1341 peccata
1235 1253 1397 1319 contami·
1511 1301 1512 1338 ,

189 1367 328 1422 natant
354 1358 555 1445 adjutorium
581 1361 706 1446 gratiae
731 1359 937 1424 medicinalis
963 1361 1152 1424 comitatam
1179 1378 1318 1443 eamque
1338 1355 1396 1420 de·

191 1461 404 1526 lactationem
426 1482 565 1547 prorsus
586 1464 807 1528 necessariam
822 1463 943 1528 viatori
963 1463 997 1526 in
1020 1473 1109 1528 statu
1125 1471 1262 1526 naturae
1282 1459 1400 1544 lapsae

192 1586 275 1638 esse,
291 1564 469 1628 videndum
487 1567 557 1644 erit,
575 1588 735 1653 quaenam
751 1567 785 1630 in
797 1565 946 1630 dansenii
957 1575 1065 1631 mente
1078 1567 1121 1630 sit
1132 1567 1197 1630 ista
1208 1551 1398 1628 delectatio.

255 1668 450 1752 Concipitur
464 1669 497 1732 in
514 1669 622 1732 animo
638 1668 856 1734 indeliberata
870 1671 991 1734 mentis
1007 1670 1163 1742 motione,
1187 1689 1255 1754 qua
1268 1668 1413 1740 animus,

191 1770 233 1836 ad
255 1770 423 1856 objectum
446 1771 584 1856 aliquod
606 1771 758 1836 alliciens
780 1773 936 1845 vortitur:
960 1773 1070 1838 vitalis
1093 1782 1144 1836 est
1165 1772 1266 1834 animi
1287 1782 1397 1834 motus
1512 1795 1513 1810 ι

191 1895 259 1938 non
276 1874 544 1959 praemeditatus,
561 1897 630 1960 quo
642 1875 800 1941 voluntas
816 1875 859 1939 ad
875 1875 1002 1961 aliquid
1018 1876 1080 1940 sibi
1095 1896 1283 1961 congruens
1296 1887 1400 1959 atquo

191 1998 364 2042 amoenum
380 1975 494 2042 fertur.
538 1976 645 2042 Exeo
663 1978 859 2063 colligimus,
882 1978 1092 2044 multifariam
1110 1999 1185 2044 esse
1201 1977 1399 2042 delectatio·

191 2101 275 2153 nem,
297 2079 433 2166 quando
456 2103 509 2144 res
531 2090 730 2166 spectamus,
754 2103 839 2168 quae
856 2083 890 2146 in
905 2082 1015 2146 animo
1032 2091 1149 2146 nostro
1166 2080 1400 2145 delectationis

193 2182 348 2269 gaudium
370 2195 403 2246 et
425 2184 620 2248 suavitatem
638 2186 782 2248 excitare
798 2193 951 2269 possunt.
998 2184 1175 2271 Quidquid
1186 2193 1294 2248 autem
1311 2182 1400 2248 desi·
1513 2235 1514 2240 ,

191 2285 283 2350 derio
305 2296 422 2349 nostro
446 2307 484 2350 ac
506 2287 680 2351 voluntate
702 2288 951 2374 prosequimur,
974 2288 1008 2352 id
1030 2296 1089 2352 aut
1108 2286 1269 2362 incaelo,
1293 2295 1351 2350 aut
1365 2286 1400 2348 in

191 2399 279 2453 terra
300 2397 462 2453 versatur.
506 2388 580 2452 Jam
607 2411 704 2465 vero,
728 2398 766 2454 ut
786 2391 828 2453 ad
850 2391 1061 2475 propositum
1087 2399 1237 2454 nostrum
1259 2389 1401 2474 propius

192 2491 405 2566 accedamus,
429 2491 623 2568 delectatio,
647 2493 688 2557 de
712 2515 779 2579 qua
799 2492 853 2556 hic
869 2493 992 2578 agitur,
1016 2500 1073 2556 aut
1088 2502 1139 2556 est
1155 2492 1327 2566 coelestis,
1350 2491 1401 2555 di-

191 2596 269 2660 vina
294 2595 449 2660 mandata
469 2595 620 2681 jucunde
642 2597 862 2682 amplectens,
885 2607 942 2660 aut
962 2595 1145 2671 terrestris,
1167 2597 1269 2660 rebus
1290 2595 1400 2659 libidi·
1514 2657 1515 2660 ,

191 2694 285 2763 riosis
312 2699 471 2786 gaudens.
515 2700 552 2764 Si
577 2709 654 2765 actu
679 2700 864 2765 voluntatis
889 2699 923 2762 in
949 2699 1104 2764 virtutem
1129 2709 1163 2762 et
1190 2698 1402 2761 honestatem

192 2814 351 2889 tanquam
366 2802 465 2866 nobis
481 2805 732 2868 convenientem
745 2813 779 2868 et
784 2801 966 2890 jucundam
982 2823 1161 2880 movemur,
1179 2800 1402 2866 delectatione

193 2906 332 2970 coelesti
353 2906 543 2980 excitamur,
568 2907 596 2970 si
617 2908 650 2972 in
673 2917 844 2992 peccatum
862 2913 895 2968 et
910 2903 1164 2979 inhonestatem,
1187 2913 1318 2968 terrena
1334 2912 1401 2966 tra-

193 3009 310 3074 himur.
356 3008 543 3074 Delectatio
569 3011 604 3074 in
632 3011 737 3096 primo
763 3017 841 3074 actu
862 3031 904 3072 ex
931 3007 1053 3073 actuali
1075 3007 1318 3092 complacentia
1339 3026 1400 3079 est,

193 3133 261 3199 qua
282 3112 412 3176 animus
433 3112 504 3174 sine
526 3112 768 3176 deliberatione
785 3115 935 3177 suaviter
953 3112 1111 3186 aflicitur,
1135 3111 1212 3175 dein
1236 3121 1344 3175 autem
1367 3111 1401 3172 in

193 3214 358 3280 desiderio
379 3213 563 3278 deliberato
587 3215 758 3290 consistit,
782 3236 851 3302 quo
873 3216 1001 3279 animus
1018 3215 1230 3301 jucunditate
1246 3213 1402 3298 impletus

194 3328 261 3382 tam
277 3317 517 3383 delectabiliter
532 3319 575 3383 ad
591 3318 715 3382 bonum
737 3317 960 3404 appetendum
978 3331 1011 3382 et
1030 3317 1280 3403 exsequendum
1297 3315 1399 3380 trahi·

193 3429 264 3497 tur,
297 3431 335 3484 ut
356 3420 514 3485 voluntas
543 3421 662 3486 acriter
687 3420 722 3486 id
748 3431 836 3486 amet
861 3421 958 3506 cique
978 3420 1084 3484 libero
1107 3430 1183 3484 actu
1205 3420 1402 3483 consentiat.

193 3525 246 3590 lta
261 3523 439 3589 delectatio
456 3526 757 3610 concupiscentiae,
773 3534 945 3611 peccatum
963 3523 1165 3608 praecedens
1181 3534 1214 3586 et
1229 3523 1402 3594 comitans,

195 3635 247 3692 est
262 3627 386 3712 primus
402 3626 458 3690 ille
474 3636 508 3691 et
522 3627 762 3692 indeliberatus
778 3628 905 3692 animae
921 3626 1069 3698 affectus,
1089 3649 1156 3712 quo
1173 3625 1256 3690 baec
1272 3624 1403 3710 peccati

195 3751 308 3794 amore
324 3737 485 3806 movetur,
502 3739 554 3795 est
566 3731 858 3816 concupiscentiae
868 3729 958 3794 laeta
970 3730 1198 3803 exsuscitatio,
1216 3749 1282 3814 qua
1300 3728 1401 3792 homo

194 3833 336 3907 invitus,
365 3832 549 3897 voluntatis
576 3854 745 3898 consensu
766 3833 913 3898 nondum
936 3842 1180 3918 consequente,
1210 3831 1404 3916 delinquere

196 3944 325 4021 potesta
348 3934 469 4000 deinde
484 3945 536 4000 est
550 3935 752 4000 desiderium
765 3935 1030 4008 indeliberatum,
1054 3955 1131 3998 mox
1143 3956 1223 3998 vero
1240 3933 1404 3998 delibera·

196 4050 276 4112 tum,
299 4059 367 4126 quo
384 4037 543 4103 voluntas
559 4041 622 4104 etsi
637 4040 784 4104 renitens
800 4039 842 4104 ad
858 4041 1062 4124 peccandum
1079 4038 1231 4102 trahitur.

259 4141 490 4228 Intelligimus,
518 4142 757 4208 indeliberatos
784 4152 885 4228 atque
901 4140 1104 4206 deliberatus
1130 4151 1241 4204 motus
1267 4161 1342 4206 esse
1371 4138 1404 4202 iu

197 4245 421 4312 delectatione
447 4247 692 4331 componenda:
721 4246 930 4310 indeliberati
957 4253 1036 4308 sunt
1057 4245 1151 4328 primi
1171 4254 1266 4306 aetus
1293 4242 1403 4305 suavi·

159 4367 163 4373 ·
197 4350 286 4424 tatis,
316 4368 404 4434 quos
429 4348 568 4414 rationis
596 4349 839 4415 animadversio
863 4357 898 4412 et
917 4346 1101 4411 voluntatis
1127 4367 1313 4410 consensus
1337 4366 1405 4408 non

197 4451 379 4538 praecedit,
402 4449 585 4527 deliberati,
609 4475 696 4540 quos
718 4450 896 4518 antevertit
915 4471 1008 4514 mens
1028 4457 1062 4514 et
1077 4449 1244 4515 voluntas.
1287 4445 1329 4512 In
1343 4447 1405 4512 bo-

199 4555 295 4620 minis
325 4562 492 4643 potestate
520 4555 616 4644 primi
642 4577 710 4622 non
737 4563 831 4632 sunt,
860 4563 1040 4619 occurrunt
1062 4574 1131 4617 non
1157 4538 1308 4628 conanti,
1337 4571 1404 4616 non
