3050 5046
616 331 809 436 „213-

105 536 233 604 exinde
255 535 398 602 hominis
421 539 568 623 positum
592 548 652 614 est,
677 561 749 604 cum
772 539 877 625 gratia
899 538 1039 624 operari,
1063 535 1155 625 quod
1172 540 1199 618 si
1215 533 1320 604 homo'

104 663 177 704 non
201 641 315 719 faciat,
339 663 399 705 sua
421 641 521 727 culpa
537 641 704 706 efficacem
719 664 788 707 non
802 642 912 706 reddit
927 641 1154 719 sufficientem,
1177 643 1265 721 dum,
1288 643 1317 707 si

104 743 224 828 vellet,
256 752 460 829 operaretur.
504 745 542 808 ln
571 743 715 810 hominis
745 745 879 832 quidem
910 755 1077 829 potestate
1099 767 1168 810 non
1191 759 1251 826 est,
1281 753 1319 808 ut

106 848 195 912 deus
221 847 285 932 ipsi
308 849 517 912 vocationem
540 849 673 924 tribuat,
697 869 796 935 quam
818 847 993 934 praevidet
1013 847 1158 912 futuram
1181 860 1215 913 et
1236 868 1316 912 con·

106 971 246 1034 gruam3
270 950 329 1014 sed
350 951 383 1014 in
399 951 505 1035 ipsius
521 960 689 1036 potestate
705 963 765 1028 est,
788 963 825 1016 ut
840 951 973 1016 vocatio
990 950 1170 1030 sufficiens,
1186 973 1272 1038 quae
1288 952 1318 1016 ei

106 1053 222 1128 datur,
252 1074 401 1140 congrua
430 1053 484 1118 sit.
527 1053 658 1118 Efficax
686 1056 731 1120 ita
760 1055 874 1141 gratia,
904 1063 1021 1118 natura
1044 1053 1178 1141 quidem
1200 1075 1262 1118 sua
1284 1064 1318 1118 et

106 1156 306 1220 conditione
343 1178 363 1219 a
397 1156 583 1222 sufficiente
617 1179 686 1221 non
715 1157 888 1238 distincta,
924 1167 1035 1222 tamen
1063 1157 1168 1243 major
1196 1157 1318 1222 dicitur

104 1260 243 1322 ratione
265 1259 343 1322 doni
361 1268 394 1322 et
415 1257 576 1336 beneficii,
598 1260 723 1346 qnippe
739 1281 825 1346 quae
841 1259 1096 1324 circumstantiis
1112 1259 1269 1347 congruis
1286 1269 1319 1325 et

107 1363 326 1446 opportunis
352 1383 420 1424 non
447 1363 492 1425 ita
516 1361 576 1426 illa
602 1360 779 1437 sufficiens,
806 1363 1012 1446 praebeatur,
1039 1362 1318 1450 quemadmodum

106 1464 245 1550 gladius
260 1465 294 1528 in
310 1463 399 1528 bello
416 1465 458 1529 ad
474 1465 605 1530 hostem
628 1465 881 1550 propellendum
896 1465 995 1530 datus
1012 1465 1145 1552 majoris
1161 1465 1317 1530 momenti

107 1589 147 1631 ac
173 1568 273 1651 pretii
297 1579 357 1645 est,
381 1590 479 1654 quam
503 1568 616 1654 quiin
639 1590 721 1652 pace
744 1569 909 1645 tribuitur,
932 1569 990 1632 ubi
1012 1567 1208 1634 defensione
1231 1590 1318 1654 opus

106 1691 178 1734 non
209 1681 269 1744 est,
297 1671 358 1734 etsi
384 1671 470 1734 idem
496 1670 639 1755 gladius.
690 1671 728 1734 In
754 1672 963 1757 congruitate
989 1671 1131 1758 quadam
1158 1673 1258 1758 igitur
1284 1679 1317 1735 ct

108 1773 418 1857 contemperatione
434 1774 559 1860 gratiae
584 1796 661 1838 cum
676 1771 817 1838 hominis
833 1773 1017 1848 affectibus,
1033 1775 1177 1860 ingenie,
1193 1773 1316 1852 indole,

109 1876 307 1940 conditione
336 1875 483 1941 efficacia
513 1878 638 1962 gratiae
675 1879 787 1962 posita
824 1886 884 1943 est.
938 1876 1030 1940 Deus
1067 1877 1318 1941 innumerabilia

111 1979 239 2043 auxilia
256 1979 409 2064 possidet
425 1979 615 2043 hominibus
636 1979 817 2066 largienda,
842 2000 927 2064 quae
943 1978 1023 2042 talia
1039 2001 1080 2044 ex
1095 2001 1214 2044 senon
1230 1987 1318 2058 sunt,

112 2083 195 2168 quin
211 2082 301 2168 rejici
318 2085 465 2167 possint;
488 2091 631 2148 attamen
645 2083 686 2146 iis
702 2104 770 2146 non
787 2091 884 2158 caret,
901 2103 987 2168 quae
1003 2081 1146 2147 hominis
1163 2083 1265 2147 statui
1280 2104 1319 2148 ac

115 2187 300 2249 conditioni
326 2190 372 2250 ita
402 2194 618 2270 attemperata
648 2195 735 2260 sunt,
766 2194 803 2248 ut
834 2207 873 2248 ea
899 2185 1090 2270 praebendo
1114 2185 1320 2251 voluntatem

118 2285 293 2350 humanam
317 2309 379 2352 suo
401 2289 538 2373 imperio
555 2288 720 2374 subjiciat,
741 2288 783 2352 ad
805 2298 921 2354 nutum
937 2311 1032 2353 suum
1048 2289 1160 2354 flectat
1175 2298 1208 2354 et
1222 2289 1319 2376 quid·

119 2389 197 2475 quid
220 2389 312 2466 velit,
341 2390 560 2456 infallibiliter
589 2401 768 2476 operetur.-
798 2391 867 2455 Aut
892 2413 952 2476 per
980 2393 1151 2457 seientiam
1181 2393 1321 2458 mediam

116 2493 270 2558 effectum
286 2494 433 2572 sortitur,
456 2505 607 2558 statuens
629 2494 765 2580 gratiam
783 2495 976 2575 concedere,
999 2517 1099 2582 quum
1115 2495 1319 2580 praevideat,

113 2595 148 2659 in
174 2597 230 2661 his
260 2607 293 2660 et
321 2597 387 2661 illis
418 2597 674 2662 circumstantiis
705 2619 885 2662 concessae
910 2598 1115 2662 voluntatem
1145 2597 1321 2663 humanam

114 2721 327 2773 assensuram
351 2706 385 2764 et
407 2709 659 2784 cooperaturam
682 2722 765 2764 esse.
811 2698 905 2778 Quae
926 2702 1022 2777 ratio,
1045 2724 1086 2764 ex
1103 2723 1169 2788 qua
1184 2712 1322 2766 externa

115 2813 167 2866 est
184 2804 310 2888 gratiae
326 2803 529 2888 congruitas,
553 2825 707 2888 sequens,
724 2825 765 2866 ex
781 2803 1037 2867 circumstantiis
1054 2805 1192 2868 annexis
1208 2806 1321 2890 petita,

115 2927 187 2969 non
210 2927 230 2969 a
250 2905 434 2969 Moliniana
457 2905 589 2970 videtur
611 2905 743 2971 distare.
789 2906 896 2992 Magis
920 2907 1184 2992 congruistarum
1207 2929 1246 2972 ea
1271 2917 1323 2973 est

117 3009 293 3086 sententia,
310 3009 410 3096 juxta
432 3031 530 3094 quam
552 3009 745 3096 congruitas
766 3007 967 3074 antecedens
983 3008 1173 3086 admittitur,
1196 3031 1265 3074 non
1281 3033 1323 3076 ex

118 3112 303 3176 voluntatis
333 3133 500 3176 consensu
528 3133 589 3196 per
619 3111 789 3175 scientiam
822 3110 963 3176 mediam
992 3111 1162 3196 praeviso,
1192 3112 1263 3178 sed·
1281 3135 1323 3177 ex

118 3213 250 3279 interna
272 3216 398 3300 gratiae
420 3223 547 3289 natura,
571 3214 693 3290 indole,
718 3215 891 3290 suavitate,
921 3215 1226 3300 contemperatione
1249 3237 1322 3280 cum

119 3316 295 3382 aflectibus
319 3329 352 3381 et
374 3317 652 3402 dispositionibus
675 3317 858 3382 voluntatis
881 3318 1044 3383 humanae
1067 3326 1240 3404 concepta.
1283 3317 1323 3382 In

120 3418 241 3484 horum
266 3431 376 3484 mente
401 3421 493 3496 dens,
521 3422 572 3485 cui
600 3421 770 3484 hominum
797 3421 898 3485 corda
921 3441 1102 3506 eorumque
1125 3420 1265 3486 affectus
1288 3427 1322 3485 et

122 3544 278 3588 recessus
301 3533 392 3598 nota,
415 3522 542 3586 infinita
563 3525 658 3588 etiam
676 3534 809 3608 praesto
833 3532 911 3587 sunt
925 3523 1031 3588 media
1047 3533 1080 3589 et
1093 3523 1246 3602 remedia,
1268 3522 1326 3588 illa

121 3625 287 3703 movendi,
312 3625 457 3690 ducendi
472 3635 505 3690 et
519 3626 708 3704 reducendi,
728 3627 881 3692 absolute
898 3626 1055 3703 decernit,
1078 3627 1245 3694 hominem
1259 3625 1326 3693 hoe

121 3729 176 3794 vel
190 3729 250 3794 illo
267 3729 367 3794 modo
384 3729 524 3794 salvare.

184 3835 295 3920 Atque
326 3833 367 3898 de
395 3833 449 3896 his
480 3832 576 3897 satis!
634 3830 848 3916 Propositum
878 3832 963 3896 enim
997 3855 1067 3897 non
1096 3842 1163 3909 est,
1195 3833 1327 3922 singula

123 3945 314 4022 systemata,
338 3936 461 4022 quibus
485 3935 639 3999 omnibus
663 3934 812 4009 docetur,
834 3933 1040 4000 infallibilem
1063 3939 1186 4022 gratiae
1207 3938 1273 4001 vim
1294 3947 1327 4003 et

124 4038 304 4104 efficaciam
341 4051 441 4125 atque
476 4038 661 4102 libertatem
698 4036 873 4101 humanam
916 4038 978 4102 sub
1017 4040 1142 4124 gratiae
1178 4039 1325 4124 ejusdem

124 4141 272 4206 motione
302 4142 404 4206 amics
434 4150 603 4217 constare,
641 4139 806 4203 hominem
837 4141 899 4204 sub
929 4141 1054 4227 gratiae
1082 4142 1328 4226 praevenientis

126 4253 220 4310 motu
242 4245 380 4310 liberum
405 4267 479 4308 esse
501 4244 616 4330 illique
639 4243 740 4306 libere
764 4244 947 4328 cooperari,
971 4243 1149 4329 explanare
1166 4253 1199 4308 et
1213 4266 1327 4308 recen·

125 4370 214 4414 sere:
239 4348 350 4412 omnia
366 4347 499 4434 quidem
515 4369 554 4412 eo
571 4345 787 4425 intendentia,
802 4356 841 4410 ut
855 4345 1062 4411 infallibilem
1078 4349 1202 4434 gratiae
1218 4346 1327 4411 effica—

126 4451 208 4516 ciam
226 4473 299 4515 cum
314 4451 419 4515 libera
434 4451 598 4516 humanae
614 4449 796 4516 voluntatis
819 4451 1013 4536 operatione
1029 4450 1217 4530 concilient,
1231 4449 1277 4514 ita
1292 4459 1330 4514 nt

124 4551 237 4634 homo,
263 4575 359 4646 quem
382 4555 488 4646 gratia
508 4553 710 4644 praeveniat,
733 4561 791 4619 aut
810 4553 1037 4644 obtemperare
1054 4554 1172 4641 possit,
1197 4553 1225 4620 si
1239 4552 1329 4642 velit,
1414 4639 1416 4644 Ι

1112 4657 1128 4720 8
