3084 5056
195 540 451 636 conficeretque.
497 547 677 634 Postquam
688 547 756 634 jam
774 556 852 610 ante
868 568 955 610 anno
978 547 1117 612 retain
1132 546 1293 612 facultate
1306 545 1409 612 theo·

194 651 304 740 logica
324 651 528 716 Louaniensi
550 650 700 715 doctoris
724 651 758 713 in
780 673 824 714 ss.
842 649 1016 735 theologia
1037 648 1168 715 honore
1190 658 1328 714 ornatus
1344 659 1411 728 est,

194 776 283 818 anno
313 752 404 822 1630.
421 755 453 818 in
483 753 594 817 eadem
623 753 782 817 facultate
809 753 920 840 regius
944 775 1112 817 sacrarum
1135 753 1302 818 literarum
1328 776 1410 838 pro-

193 857 304 923 fessor
325 859 498 923 institutus
520 879 580 942 per
601 857 737 942 longum
754 857 914 941 temporis
936 858 1080 941 spatium
1091 857 1235 943 juvenes
1252 857 1293 924 ad
1311 879 1410 923 sacra

194 963 382 1048 aspirantes
405 961 556 1026 doctrina
580 960 919 1035 divinitusrevelata,
943 961 1097 1046 quamvis
1114 961 1184 1046 jam
1205 983 1280 1026 cum
1296 982 1356 1024 sua
1374 968 1409 1026 et

192 1063 338 1129 humana
357 1065 459 1130 mixta
474 1064 625 1128 imbuens
647 1064 794 1128 nutrivit.
839 1064 938 1126 Suam
956 1063 1041 1130 enim
1051 1064 1123 1149 jam
1137 1063 1265 1128 dudum
1281 1063 1407 1130 doctri-

192 1188 255 1232 nae
279 1167 417 1232 coelesti
440 1166 647 1252 adjunxerat,
672 1189 712 1230 ex
734 1166 847 1230 multis
871 1167 967 1230 anuis
990 1166 1169 1231 inhaerens
1191 1166 1258 1232 illis
1282 1167 1405 1253 princi·

193 1271 266 1356 piis,
293 1293 379 1357 quae
405 1271 439 1334 in
465 1269 553 1333 libro
583 1291 645 1333 suo
675 1271 906 1356 „Augustino“
935 1277 1016 1356 post
1039 1280 1177 1334 mortem
1201 1271 1348 1335 auctoris
1370 1271 1406 1334 in

191 1373 297 1438 lucem
323 1374 413 1438 edito
430 1373 671 1458 propugnavit3
696 1373 753 1436 ubi
770 1375 907 1456 primum
926 1373 1179 1448 haereticorum,
1204 1395 1291 1460 quos
1307 1396 1405 1438 secu·

191 1485 247 1542 tus
270 1486 330 1553 est,
353 1477 512 1562 imprimis
536 1477 616 1562 Bajt
642 1477 819 1561 opiniones
841 1477 964 1541 multas
991 1499 1070 1540 suas
1092 1476 1247 1542 reddidit.
1293 1475 1405 1557 Quum

190 1603 252 1667 per
277 1580 393 1666 viginti
425 1580 511 1642 duos
543 1601 649 1641 annos
681 1579 911 1666 ‚‚Augustino“
942 1580 1029 1644 libro
1060 1580 1315 1656 conscribendo,
1347 1581 1405 1667 qui

191 1693 271 1770 post
292 1683 419 1748 obitum
442 1682 617 1768 scriptoris
641 1684 761 1757 statim,
785 1705 873 1746 anno
899 1683 989 1748 1640.
1013 1684 1182 1769 apparuit,
1205 1685 1404 1759 incubuerit,

189 1793 342 1852 mortuus
365 1795 474 1850 antem
497 1787 540 1850 sit
563 1786 616 1849 die
637 1785 665 1851 6.
689 1786 770 1872 Maji
791 1807 878 1850 anno
898 1785 989 1861 1638,
1011 1786 1090 1851 inde
1104 1787 1220 1873 liquet,
1238 1809 1309 1852 eum
1327 1787 1404 1863 hoc,

190 1889 232 1954 de
249 1912 316 1977 quo
333 1891 451 1976 agitur,
473 1899 631 1974 tempore,
649 1889 720 1974 jam
740 1891 774 1952 in
796 1888 952 1953 doctrina
967 1911 1057 1953 nova
1073 1891 1276 1955 exstruenda
1291 1911 1404 1954 versa-

190 2001 260 2058 tum
276 2014 360 2069 esse,
381 2013 449 2056 non
465 1992 616 2068 inscium,
637 1991 726 2056 hanc
742 1993 914 2057 doctrinae
931 1992 1091 2058 ecclesiae
1107 1993 1286 2068 adversari,
1309 2015 1404 2078 prae-

190 2097 301 2160 sertim
324 2096 357 2158 in
381 2096 549 2162 erroribus
572 2095 706 2181 Bajanis
728 2095 926 2162 damnatam.
969 2095 1008 2160 Id
1031 2096 1124 2182 quod
1146 2097 1299 2182 epistolis
1321 2096 1404 2161 satis

191 2197 438 2284 comprobatur,
461 2207 529 2262 tum
548 2197 779 2282 San-Cyrano
804 2201 909 2264 amico
931 2200 1075 2284 scriptis.
1121 2198 1187 2280 Qui
1208 2223 1276 2264 non
1294 2201 1404 2265 solum

189 2303 325 2380 amicus,
350 2302 529 2366 sedetiam
551 2303 664 2366 socius
686 2310 719 2365 et
741 2303 868 2366 sodalis
890 2303 924 2366 in
945 2302 1075 2366 haeresi
1099 2305 1267 2368 exaranda
1282 2304 1398 2380 adfuit,

187 2406 222 2470 in
243 2404 503 2471 Franco-Gallia
523 2405 611 2489 viae,
635 2405 758 2491 quibus
780 2427 889 2469 novae
912 2407 1088 2492 opiniones
1110 2407 1399 2494 progrederentur,

191 2509 433 2595 praeparando,
456 2530 494 2572 ac
517 2518 636 2593 postea
651 2509 830 2594 praecipue
845 2509 932 2573 libro
950 2511 1181 2596 ‚.Augustino“
1198 2511 1287 2576 edito
1310 2533 1400 2576 erro·

189 2635 256 2678 rem
274 2635 334 2698 per
345 2611 648 2698 Portum-Regium,
666 2613 762 2698 cujus
775 2622 878 2697 caput
890 2623 970 2688 erat,
989 2613 1222 2700 dispergendo,
1238 2614 1271 2678 in
1284 2613 1399 2700 Belgio

187 2716 348 2782 Jansenic
379 2717 454 2802 ipso
492 2737 553 2800 pro
590 2714 703 2779 fausto
743 2726 866 2780 eventu
900 2716 1075 2780 laborante
1110 2725 1211 2802 atque
1248 2717 1399 2782 sudante.

188 2820 362 2905 Epistolae
385 2819 592 2883 confidenter
612 2841 650 2884 ac
671 2819 876 2883 familiariter
898 2819 1049 2883 Domino
1064 2819 1110 2883 du
1131 2819 1272 2906 Vergier
1287 2821 1400 2884 abbati

193 2923 234 2987 de
257 2923 477 3009 San-Cyrano
502 2922 613 3006 (Sieur
636 2922 682 2986 du
705 2922 845 3008 Vergier
868 2920 963 2988 Abbe'
987 2923 1027 2986 de
1051 2921 1084 2986 S.
1109 2923 1230 3006 Cyran)
1255 2925 1400 3010 scriptae

187 3011 231 3092 vad
256 3049 366 3091 veram
389 3025 537 3090 haeresis
562 3026 720 3112 originem
746 3026 967 3112 detegendam
990 3025 1128 3090 multum
1160 3025 1339 3092 conferunt
1368 3039 1400 3092 et

187 3151 390 3218 magnopere
416 3129 659 3200 conducunt1).
704 3129 791 3192 Sunt
821 3130 904 3192 euim
936 3129 1099 3214 epistolae
1130 3131 1238 3196 omnis
1269 3131 1398 3220 generis

190 3233 443 3306 familiariteret
458 3231 667 3301 confidenter
681 3233 826 3318 scriptae
849 3253 980 3317 semper
1002 3231 1044 3297 ad
1061 3233 1152 3298 viros
1169 3255 1399 3322 quoscumque

189 3359 330 3424 magnos
354 3335 624 3422 cognoscendum
650 3346 750 3422 atque
773 3335 1022 3415 aestimandum,
1052 3336 1095 3401 ad
1118 3359 1231 3404 eorum
1254 3336 1400 3402 indolem

189 3440 425 3528 ingeniumque
445 3437 672 3524 indagandum
688 3448 788 3524 atque
805 3439 1080 3524 perscrutandum
1097 3443 1288 3528 aptissimae
1303 3448 1399 3527 puta-

189 3551 243 3608 tae
267 3550 300 3606 et
320 3542 453 3608 maximi
481 3542 639 3605 momenti
662 3541 805 3608 habitae.
850 3541 1001 3608 Probent
1026 3565 1064 3609 ac
1088 3545 1289 3630 persuadent
1310 3545 1344 3609 vi
1367 3552 1400 3609 et

190 3646 353 3711 facultate
370 3644 621 3718 confessionum
639 3667 712 3710 cnm
734 3644 906 3710 voluntate
923 3657 955 3712 et
971 3657 1079 3712 tamen
1097 3649 1178 3712 citra
1193 3647 1399 3714 voluntatem

189 3749 369 3825 factarum3
401 3769 449 3825 ea,
481 3769 566 3834 quae
596 3747 760 3822 dictitant,
791 3771 831 3813 eo
863 3749 957 3837 quod
984 3774 1052 3816 non
1080 3750 1231 3828 consilio,
1263 3774 1331 3816 non
1358 3750 1398 3816 de

189 3853 357 3918 industria
376 3851 544 3927 interiora,
566 3851 679 3914 intima
703 3852 814 3917 cordis
837 3855 997 3931 revelant,
1021 3863 1053 3918 et
1069 3864 1177 3918 tamen
1193 3863 1296 3918 totam
1313 3855 1398 3920 veri·

188 3964 292 4021 tatem
318 3957 352 4018 in
386 3954 492 4019 lucem
524 3953 713 4040 proferunt,
744 3955 784 4020 ad
815 3971 905 4022 recte
928 3955 1148 4044 judicandum
1177 3958 1398 4043 maximopere

189 4058 376 4124 conferunt.
427 4056 653 4144 Ex'epistolis
676 4058 746 4135 laia,
770 4059 810 4123 de
833 4061 955 4147 quibus
977 4059 1032 4126 hic
1054 4061 1178 4148 agitur,
1201 4059 1346 4126 dilucide
1368 4072 1399 4126 et

189 4172 302 4251 aperte
332 4171 585 4250 cognoscuntur
614 4183 835 4250 quaeeunque
866 4185 953 4229 nova
978 4164 1012 4227 in
1038 4163 1153 4228 intimo
1180 4165 1289 4230 animo
1319 4165 1398 4231 Jan·

264 4399 295 4491 1)
306 4417 508 4502 Lanaissanee
528 4415 562 4474 du
580 4416 748 4475 Jansenlsme
765 4414 933 4488 decantate,
952 4413 1181 4496 AMonseigneur
1197 4417 1234 4480 Le
1248 4419 1399 4479 Chaucelfer

190 4501 246 4559 Par
259 4506 338 4560 Sieur
351 4507 385 4560 de
399 4506 520 4561 Praville.
547 4507 704 4561 ALouvain
718 4507 776 4564 cto
787 4506 916 4565 OCILIV.
953 4509 1057 4582 (Verbo
1070 4518 1147 4565 tenus
1160 4512 1197 4566 ita
1210 4519 1251 4566 est
1262 4509 1397 4584 inscriptio

189 4593 248 4650 libri
263 4593 399 4667 exhibita.)
