3050 5046
633 329 836 430 „L

125 535 201 602 vult
222 543 256 600 ct
275 534 377 612 vadit,
400 556 469 622 quo
490 533 563 600 vult
583 533 696 612 Satan,
719 555 781 600 nec
802 538 855 598 est
873 531 908 596 in
924 532 997 618 ejus
1013 528 1153 596 arbitrio
1169 529 1339 596 aduttum

126 639 228 706 alium
243 658 407 704 sessorem
424 660 565 713 currere,
589 645 736 702 anteum
751 657 920 723 quaerore,
943 634 1003 700 sed
1018 635 1084 720 ipsi
1098 653 1250 698 sessores
1266 654 1338 698 cer·

126 749 200 808 taut
221 741 265 806 ob
287 742 397 827 ipsum
418 740 637 806 obtinendum
660 749 693 806 et
714 739 986 826 possidendum.“
1015 775 1058 788 -
1087 737 1171 815 „Hic
1193 745 1245 802 est
1259 735 1337 802 fidei

129 867 278 912 summus
301 844 425 932 gradus
448 882 490 892 —
513 845 647 910 credere
665 845 811 931 justum,
840 843 898 930 qui
918 863 981 906 sua
999 840 1175 906 voluntate
1196 861 1260 904 nos
1280 854 1338 904 ne·

124 949 274 1014 cessario
296 947 503 1014 damnabiles
525 947 682 1038 falcit¹);“
704 983 745 996 -
767 947 871 1028 „deus
887 945 1029 1010 consilio
1045 951 1197 1032 nutuque
1212 943 1259 1008 ita
1274 964 1336 1007 suo
1390 948 1392 953 ’

125 1051 270 1131 ordinat,
286 1060 324 1118 ut
338 1053 425 1116 inter
439 1052 592 1116 homines
608 1060 799 1127 nascantur,
816 1050 857 1114 ab
870 1058 965 1114 utero
982 1056 1091 1114 certae
1102 1047 1200 1112 morti
1213 1045 1339 1124 devoti,

124 1155 184 1243 qui
201 1175 263 1220 suo
279 1155 381 1220 exitio
398 1155 505 1240 ipsius
520 1176 642 1220 nomen
657 1151 909 1242 glorificantes

190 1258 229 1323 In
245 1257 298 1322 his
314 1259 580 1344 protestantium,
602 1259 783 1344 praecipue
800 1255 929 1322 Calviui
949 1253 1123 1320 sententiis
1136 1251 1338 1318 Jansenismi

122 1360 341 1426 fundamenta
367 1368 400 1426 et
425 1361 591 1447 principia
621 1370 738 1446 parata
768 1368 856 1425 sunt.
909 1357 954 1422 Et
977 1355 1172 1421 lausaniani
1201 1355 1336 1431 docent,

127 1465 316 1530 libertatem
332 1450 542 1529 solummodo
558 1465 592 1529 in
608 1465 812 1529 immunitate
827 1485 846 1526 a
862 1461 1037 1528 coactione
1053 1461 1247 1535 consistere,
1270 1479 1339 1522 non

123 1567 159 1634 in
174 1559 381 1634 immunitate
397 1561 642 1648 a'necessitate,
667 1568 790 1654 pariter
805 1566 929 1653 gratiae
945 1562 1124 1629 efficaciam
1141 1563 1174 1626 in
1190 1561 1337 1628 delecta·

124 1672 217 1736 tione
232 1680 411 1756 reponunt.
455 1671 618 1749 Tradunt,
642 1672 781 1736 liberum
797 1669 941 1734 hominis
957 1666 1128 1732 arbitrium
1143 1687 1203 1751 per
1217 1686 1336 1751 pecca·

124 1785 194 1840 tum
211 1773 311 1860 plane
332 1775 532 1840 exstinctum
550 1797 633 1853 esse,
657 1784 798 1840 mentem
815 1782 848 1838 et
862 1772 1068 1837 voluntatem
1084 1789 1223 1855 prorsus
1240 1767 1338 1833 debi-

122 1878 254 1943 litatam
268 1899 308 1941 ex
321 1899 357 1942 se
372 1877 446 1963 ipsa
457 1877 541 1942 nihil
555 1877 673 1952 valere,
690 1877 879 1942 necessario
892 1883 951 1940 aut
961 1873 1099 1961 gretiam
1117 1871 1336 1958 abripientem

124 1990 184 2046 aut
202 1979 371 2045 libidinem
394 1980 581 2046 trahentem
604 1983 716 2069 sequi3
740 1990 798 2045 ant
818 1980 943 2044 bonum
959 1985 1018 2042 aut
1033 1975 1155 2040 malum
1170 1974 1212 2039 ab
1228 1973 1336 2040 homi·
1419 2058 1421 2062 Ι

126 2084 224 2148 nibus
240 2083 303 2170 agi,
326 2083 408 2148 nibil
425 2105 499 2148 esse
514 2085 663 2160 tertium;
686 2085 761 2149 sine
777 2084 883 2171 gratia
898 2078 1144 2167 supernaturali
1157 2077 1336 2144 facultates

125 2201 263 2251 naturae
284 2186 450 2252 humanae
472 2187 584 2274 quoad
608 2174 811 2252 intellectum
834 2184 918 2250 nihil
940 2183 1113 2248 veritatum
1133 2181 1336 2248 naturalium

126 2311 341 2377 cognoscere,
357 2289 472 2377 quoad
484 2290 740 2356 advoluntatem
754 2290 838 2355 nihil
852 2309 989 2374 operum
997 2285 1335 2351 moraliterbonorum

126 2415 286 2480 peragere
309 2413 427 2478 posse;
450 2394 526 2470 imo,
551 2395 660 2459 omnia
683 2377 863 2459 infidelium
887 2401 921 2457 at
942 2397 1155 2478 peccatorum
1178 2410 1281 2476 opera
1303 2397 1337 2454 ct

124 2495 408 2582 pbilosophorum
425 2495 566 2562 virtutes
583 2519 663 2562 vera
679 2520 753 2562 esse
768 2503 917 2584 peccata,
941 2493 1184 2560 damnationem
1201 2492 1333 2579 parien-

122 2600 186 2675 tia,
210 2597 375 2686 siquidem
401 2599 485 2664 nihil
511 2599 652 2664 medium
677 2601 763 2666 inter
784 2599 978 2664 charitatem
1000 2596 1136 2683 proprie
1158 2593 1279 2660 dictam
1303 2603 1337 2660 et

123 2701 430 2787 concupiscentiam
459 2702 672 2768 libidinosam
704 2703 835 2768 intersit
863 2710 896 2767 et
918 2701 1030 2766 omnia
1052 2720 1155 2784 opera
1178 2699 1250 2764 sine
1265 2697 1330 2764 fide

123 2814 158 2871 et
179 2805 287 2891 gratia
308 2805 546 2883 sanctificante,
569 2805 604 2871 id
626 2815 686 2881 est,
710 2807 816 2892 prima
838 2805 946 2894 gratia
965 2811 1102 2890 peracta
1118 2801 1203 2866 mala
1217 2801 1335 2886 sint³).

110 2909 177 2986 ,Ex
198 2906 505 2994 praedestinatione
526 2911 574 2974 ita
596 2909 752 2975 absoluta
773 2917 807 2974 et
825 2907 1075 2994 reprobatione,
1098 2927 1167 2970 non
1183 2928 1224 2971 ex
1239 2907 1335 2972 meri-

122 3012 212 3078 toria
231 3013 356 3096 gratiae
378 3013 617 3097 cooperatione
638 3013 790 3077 homiues
804 3012 1000 3099 judicentur
1016 3017 1166 3095 oportet;
1189 3015 1223 3073 et
1237 3008 1335 3096 quid·

122 3114 205 3202 quid
220 3113 414 3179 Janseniani
435 3125 620 3201 opponant,
645 3115 816 3204 quomodo
837 3137 873 3179 se
888 3122 1030 3193 vertant,
1054 3111 1183 3177 Caluini
1204 3111 1337 3198 placitis

122 3217 250 3284 addicti
280 3225 367 3284 sunt.
413 3216 532 3305 Neque
559 3240 599 3283 eo
627 3219 720 3306 quod
746 3217 925 3283 lanscnius
951 3225 1094 3300 asserat,
1127 3236 1181 3291 se,
1210 3214 1337 3302 quippe

122 3321 270 3392 libertati
293 3342 361 3384 non
378 3332 539 3406 opponat,
563 3321 628 3385 nisi
643 3322 861 3396 coactionem,
884 3341 953 3384 non
968 3330 1077 3383 eutem
1093 3317 1335 3396 necessitatem,

124 3423 297 3490 arbitrium
320 3422 460 3488 liberum
484 3425 546 3488 sub
569 3425 695 3511 gratiae
718 3425 866 3490 motione
890 3445 1032 3499 servare,
1055 3443 1075 3486 a
1098 3420 1239 3487 Concilii
1261 3421 1335 3486 Tri-

124 3525 252 3592 dentini
267 3527 515 3612 proscriptione
530 3527 699 3614 liberatur,
717 3551 803 3615 quae
820 3526 1021 3614 proscriptio
1037 3547 1181 3591 errorem
1193 3525 1335 3602 Calvini,

122 3628 323 3716 profitentis,
347 3651 383 3696 se
404 3651 475 3698 non
490 3629 579 3695 aliud
595 3631 734 3696 liberum
750 3632 920 3696 arbitrium
938 3630 1111 3696 admittere
1127 3651 1226 3717 quam
1241 3629 1337 3718 quod

123 3733 267 3798 immune
289 3731 333 3795 sit
355 3753 375 3799 a
397 3733 471 3798 sola
493 3734 684 3813 coactione,
711 3735 857 3824 ideoque
880 3735 1020 3802 eundem
1042 3735 1152 3822 ipsum
1173 3732 1332 3812 Jansenii,

125 3835 270 3902 dilucide
284 3834 402 3922 rejicit.

198 4141 220 4209 ¹)
240 4139 280 4193 De
293 4157 362 4196 serv.
376 4137 451 4198 arbit.

194 4228 220 4296 ²)
240 4225 312 4279 Calv.
330 4227 411 4280 instit.
430 4226 463 4281 cf.
477 4227 587 4300 insuper
604 4228 677 4284 Calv.
699 4230 809 4292 antidot.
828 4229 910 4285 Cone.
926 4230 999 4284 Trid.
1017 4259 1052 4270 -
1070 4230 1149 4285 Conf.
1169 4232 1285 4304 August
1304 4262 1338 4276 -

125 4313 207 4384 Apol.
226 4342 260 4352 -
275 4311 365 4368 Form.
380 4312 512 4368 concord.
528 4345 558 4356 -
572 4315 649 4372 Luth.
668 4317 693 4370 iu
711 4335 785 4388 gen.;
804 4318 827 4370 T
829 4317 980 4384 ischreden;
999 4317 1170 4396 Disputation
1183 4338 1215 4374 zu
1227 4319 1336 4376 Heidel-

125 4401 200 4541 lppr'g.
221 4397 431 4538 {gislanehtb
449 4399 513 4454 Loc.
531 4401 612 4456 theol.
631 4433 665 4444 -
682 4402 783 4458 Comm.
801 4405 827 4456 iu
845 4423 886 4477 ep.
903 4404 937 4458 ad
949 4404 1025 4462 Rom.
1044 4433 1076 4446 -
1095 4404 1231 4460 Cbemnita
1242 4405 1335 4461 lixam.

151 4504 209 4540 onc.
253 4503 275 4540 rr
294 4526 301 4540 .

196 4573 218 4642 ³)
236 4571 355 4632 Jansenii
372 4573 575 4646 „Augustinus“
593 4574 637 4628 lib.
650 4574 707 4641 IV,
727 4592 749 4628 c.
764 4578 803 4631 17.
