3050 5046
782 329 824 404 98

193 559 301 626 nuper
330 539 447 608 emisit.
464 590 472 608 .
489 591 522 606 ..
561 540 685 606 Verum
717 541 802 605 enim
833 562 913 606 vero
944 541 1187 618 cacodaemon,
1217 564 1277 628 per
1306 561 1409 630 quam

192 644 334 710 acerbus
356 644 508 709 veritatis
531 666 627 720 osor,
652 667 711 730 per
732 645 899 732 mancipia
921 667 993 726 sua,
1016 647 1050 710 in
1072 645 1137 710 hoe
1159 645 1227 710 tela
1250 668 1321 725 sua,
1347 648 1410 734 qui

193 747 378 813 doctrinam
403 769 512 813 veram
542 746 785 812 defendendam
809 748 873 812 sibi
903 749 1109 834 suscipiunt,
1146 749 1276 814 evibrat
1311 749 1408 827 clam,
1509 827 1510 830 Ἴ

192 849 302 938 palam
324 871 383 916 eos
404 850 557 928 infestat3
581 850 783 916 horrendum
806 873 866 916 cos
886 851 1050 917 Tribunal
1071 853 1206 927 Romae,
1229 854 1263 918 in
1279 853 1408 919 Metro·
1509 863 1510 910 l

191 953 263 1040 poli
290 975 352 1019 sua
378 954 484 1021 adire:
516 954 668 1020 horribili
693 953 805 1041 Papae
835 954 993 1031 Throno;
1023 956 1148 1043 iniquis
1180 957 1408 1024 Cardinalium

191 1056 370 1124 Subselliis
387 1057 504 1123 sistere
520 1061 566 1134 s'e,
583 1059 809 1143 peremptorio
827 1058 936 1124 edicto
954 1059 1046 1146 cogit
1060 1068 1123 1124 etc.

255 1159 308 1227 Ad
331 1161 514 1226 secundum
530 1183 620 1226 nunc
636 1159 809 1226 Orationis
831 1162 1013 1228 membrum
1029 1162 1241 1250 accingimur,
1263 1184 1406 1250 vosque,

192 1263 316 1352 quibus
337 1263 371 1329 in
393 1264 546 1350 partibus
566 1265 653 1330 inter
673 1287 709 1329 se
732 1264 947 1343 dissentient,
972 1288 1046 1332 cum
1070 1263 1273 1331 Orthodoxa
1294 1276 1406 1332 autem

192 1389 232 1434 ac
248 1368 339 1433 omni
354 1376 500 1454 recepta,
524 1378 557 1433 et
577 1369 723 1454 probata
737 1370 946 1456 antiquitate,
970 1370 1183 1436 consentiant
1198 1368 1405 1436 docebimus.

189 1469 242 1536 Ad
267 1471 336 1537 duo
362 1480 482 1547 antem,
508 1493 577 1536 non
603 1472 788 1560 incongrue
813 1473 965 1538 revocari
988 1494 1091 1559 posse
1115 1473 1226 1559 capita
1249 1472 1404 1560 equidem

190 1575 352 1652 duxerim,
376 1596 518 1662 quorum
537 1575 630 1662 prius
646 1585 826 1662 corruptae
841 1585 981 1641 naturae
997 1576 1095 1654 vires,
1118 1599 1188 1654 seu,
1204 1584 1242 1642 nt
1255 1575 1404 1663 loquun-

188 1688 245 1745 tur
259 1677 408 1756 scholae,
424 1678 564 1744 liberum
581 1679 770 1758 arbitrium3
791 1678 1134 1745 Praedestinetionem
1149 1701 1230 1744 vero
1246 1679 1403 1755 hominis,

187 1782 357 1869 posterius
373 1781 617 1869 complectitur.
634 1832 641 1849 .
659 1833 667 1849 .
685 1833 693 1848 .
710 1781 998 1864 Quemadmodum
1016 1805 1090 1849 cum
1105 1777 1296 1868 Pelagianis
1310 1781 1402 1848 Pon·

187 1886 280 1952 tificii
307 1885 467 1963 sentiunt,
491 1885 639 1951 vicissim
661 1885 860 1952 Janssenius
883 1885 1024 1966 fortiter,
1048 1908 1087 1952 ac
1103 1884 1304 1952 Orthodoxe
1319 1908 1401 1952 con-

187 1987 331 2056 tradicit.
389 1988 527 2054 Incusat
556 1989 779 2066 adversarios,
810 1990 903 2076 qnod
933 1989 1063 2076 lapsum
1094 1989 1243 2076 primum,
1274 1990 1303 2054 si
1331 2011 1401 2054 non

186 2091 315 2169 tollere,
340 2091 471 2157 elevare
492 2089 582 2158 certe
604 2094 751 2178 cupiant,
774 2093 864 2158 unde
888 2101 922 2158 et
934 2092 1085 2158 Infantes
1105 2102 1266 2169 mortuos,
1290 2115 1401 2179 poena

187 2216 308 2261 sensus
347 2196 508 2272 eximant3
542 2195 666 2260 adultis
696 2204 807 2262 antem
836 2197 978 2261 liberum
1008 2195 1193 2273 arbitrium,
1225 2219 1286 2262 seu
1315 2197 1399 2262 bene

189 2296 310 2386 agendi
344 2297 538 2364 facultatem
568 2298 734 2364 tribuant:
771 2299 808 2369 Β.
840 2299 988 2386 denique
1024 2299 1209 2388 Virginem,
1253 2303 1296 2364 ab
1331 2299 1397 2365 hoc

185 2409 328 2490 peccato
352 2401 526 2466 immunem
550 2409 709 2466 statuant.
728 2456 735 2470 .
753 2452 783 2468 ..
817 2401 919 2467 Nulla
942 2424 983 2467 ex
1007 2411 1101 2488 parte
1124 2403 1202 2468 dare
1224 2402 1299 2468 vult
1319 2402 1396 2487 illis,
1510 2455 1511 2474 ,

189 2504 283 2593 quod
299 2504 584 2591 concupiscentia,
609 2505 749 2593 ejusque
771 2515 894 2578 reatus,
921 2504 1034 2592 quoad
1052 2515 1161 2570 actum
1185 2507 1336 2591 primum,
1359 2515 1395 2571 ut
1510 2513 1511 2520 ’

185 2616 319 2686 vocant,
352 2608 423 2673 sive
453 2607 569 2695 quoad
598 2619 771 2695 peccatum
808 2607 980 2674 auferatur
1009 2607 1029 2674 a
1057 2608 1239 2695 Baptisatis
1270 2609 1394 2676 electis.

185 2711 402 2799 Quapropter
427 2710 515 2777 banc
545 2713 744 2792 sententiam
774 2710 792 2776 ὸ
822 2713 984 2778 diametro
1016 2712 1167 2778 Concilio
1196 2713 1393 2780 Tridentino

182 2835 371 2902 repugnare
386 2814 518 2892 videtis,
540 2816 676 2902 quando
699 2838 781 2884 sess.
804 2816 833 2882 5.
857 2838 928 2881 can.
948 2817 976 2881 5.
994 2823 1099 2880 totum
1115 2815 1149 2880 id
1165 2815 1258 2903 quod
1275 2839 1393 2892 veram,

183 2927 216 2983 ct
231 2918 401 3004 propriam
417 2919 548 3004 peccati
563 2921 727 2984 rationem
742 2919 854 2997 habet,
872 2919 946 2985 tolli
963 2920 996 2983 in
1013 2918 1185 3004 Baptismo
1202 2920 1330 2984 statuit.
1347 2969 1391 2988 ...

182 3021 221 3087 ln
251 3031 385 3086 nostras
413 3020 611 3086 Janssenius
641 3023 761 3087 transit
789 3032 913 3110 partes,
946 3023 1081 3109 quando
1107 3021 1217 3099 docet,
1248 3045 1289 3088 ex
1315 3045 1392 3089 con·

184 3123 404 3210 cupiscentia‚
428 3135 586 3212 tanquam
608 3147 649 3189 ex
669 3125 795 3190 infecta
811 3125 1023 3212 scaturigine,
1046 3133 1158 3190 motus
1175 3126 1253 3191 oriri
1268 3127 1392 3192 inordi-

181 3240 297 3307 natos3
321 3250 384 3293 nec
394 3228 547 3315 justitiae
568 3225 677 3292 solbm
698 3228 871 3315 originalis
892 3227 1070 3307 defectum,
1094 3227 1154 3294 sed
1171 3229 1281 3294 omnia
1297 3231 1392 3296 etiam

181 3331 428 3419 qualiacunque
444 3337 593 3417 peccata,
610 3341 748 3416 accepta
762 3331 842 3396 huic
857 3330 1032 3396 referenda
1048 3354 1132 3398 esse.
1148 3381 1155 3398 .
1170 3382 1177 3397 .
1193 3382 1200 3397 .
1218 3333 1394 3400 Praeterea

179 3429 235 3500 bic
258 3456 344 3522 qnae
364 3433 462 3498 fidem
482 3431 553 3498 fere
574 3441 744 3520 superant,
764 3441 817 3500 tot
832 3443 966 3522 tamque
981 3435 1124 3522 insignia
1140 3437 1247 3500 omnis
1263 3437 1392 3522 generis

180 3537 279 3613 dicta,
311 3537 504 3623 Scripturae
532 3537 693 3613 nimirum,
724 3537 870 3615 Patrum,
899 3538 1134 3618 conciliorum,
1158 3561 1244 3627 quae
1267 3541 1392 3627 gratiae

182 3639 380 3706 defensores
392 3651 562 3727 reponunt
577 3641 786 3721 adversariis,
810 3663 896 3730 quae
912 3650 1121 3718 coacervant,
1144 3665 1183 3708 ac
1199 3643 1392 3720 conferunt3

181 3743 347 3810 Gomarus
370 3743 502 3831 aliquis,
524 3743 707 3822 Vualaeus‚
728 3745 928 3828 Molinaeus,
950 3745 1122 3823 Tbuisius,
1145 3755 1204 3812 aut
1224 3747 1391 3836 Altingius

180 3849 238 3936 qui
268 3848 443 3935 scripserit
468 3857 586 3913 contra
611 3849 833 3926 Arminianos,
861 3850 899 3915 bi
923 3849 1004 3915 mihi
1026 3850 1088 3915 viri
1111 3847 1201 3915 certe
1223 3851 1393 3934 videnturt

178 3951 263 4018 adeo
280 3958 432 4018 nostram'
446 3952 699 4018 corroboratum
716 3960 805 4029 eunt,
824 3961 927 4042 atque
944 3952 1118 4018 stabiliunt
1133 3952 1390 4024 doctrinam...

177 4053 320 4142 Insuper
341 4055 514 4120 victoriam
540 4076 638 4143 quam
654 4057 761 4142 gratia
776 4057 848 4129 Dei,
872 4056 913 4122 de
929 4055 1072 4120 bominis
1087 4054 1190 4122 refert
1205 4055 1389 4134 voluntate,

179 4158 366 4225 libertatem
391 4158 463 4245 ejus
485 4157 578 4223 haud
599 4158 732 4224 laedere
753 4158 893 4243 docent;
919 4159 998 4248 quia
1012 4158 1219 4225 voluntatem
1236 4169 1269 4225 ct
1284 4163 1388 4228 actio-

178 4284 253 4328 nem
283 4262 318 4327 in
347 4261 483 4327 homine
511 4263 559 4326 ita
591 4271 749 4348 operatur
782 4263 892 4342 Deus,
934 4271 973 4330 ut
1001 4261 1105 4330 libere
1135 4261 1265 4352 abequb
1300 4265 1389 4331 omni

180 4368 355 4432 coactione
378 4365 569 4430 consentiat
590 4365 709 4445 bom03
732 4367 857 4434 Rident
879 4366 1055 4433 nobiscum
1079 4368 1223 4455 ineptias
1244 4367 1388 4448 illorum

177 4470 235 4556 qui
269 4491 412 4535 errorem
450 4490 492 4533 ex
524 4469 715 4556 ignorantia
744 4472 976 4549 commissum
1012 4471 1118 4558 ipsam
1148 4471 1387 4560 ignorantiam

178 4571 295 4642 virium
319 4572 514 4652 absentiam,
538 4573 608 4639 sive
631 4573 860 4642 difficultatem
884 4574 1021 4664 egendi,
1044 4574 1177 4664 aliaque
1198 4575 1388 4645 inficiantur
