3084 5056
772 244 812 310 24

186 451 334 540 sugillari
347 457 501 536 possunt,
517 448 612 540 quod
626 450 723 514 novis
735 447 922 535 praeceptis
940 469 1006 512 non
1023 449 1262 522 consenserint,
1277 467 1389 533 neque

188 555 357 642 objurgari
373 576 391 618 a
406 553 575 631 Janseni0,
596 553 698 640 quod,
721 553 807 617 sicut
821 549 999 616 Jansenius
1015 553 1097 637 ipse,
1115 553 1203 616 omni
1220 550 1332 616 studio
1349 573 1396 616 ac

187 667 335 744 tempore
373 663 589 742 consumpte,
620 655 652 722 S.
683 655 859 742 Augustini
889 655 1055 742 ingenium
1087 678 1154 720 non
1187 655 1283 741 plane
1314 677 1394 740 per-

188 761 372 846 spexerint;
396 759 496 847 igitur
517 760 659 846 denique
680 758 829 824 dansenii
851 765 998 845 systema
1013 780 1081 824 nou
1099 769 1163 823 tam
1180 759 1267 824 clare
1283 781 1399 845 neque

188 865 234 928 ita
257 884 395 948 prorsus
411 862 444 931 S.
461 863 638 950 Augustini
658 861 811 927 doctrina
832 862 1031 940 continetur,
1054 883 1121 926 non
1138 871 1203 926 tam
1219 862 1401 949 perspicue

188 965 372 1054 prolluitur‚
390 989 487 1052 quam
503 965 682 1030 Jansenius
698 965 825 1031 asserit.

251 1069 407 1136 Attamen
430 1068 602 1134 contendit
624 1077 751 1145 auctor,
772 1091 889 1155 parum
912 1067 1008 1132 simul
1030 1067 1171 1132 honeste
1188 1067 1228 1132 de
1246 1067 1397 1132 ecclesia

188 1173 349 1238 sentiens:
374 1171 431 1250 „Si
458 1171 609 1236 Ecclesia
630 1170 794 1237 Universa
816 1181 905 1236 reete
928 1170 1086 1247 crederet,
1110 1170 1274 1256 fidemque
1299 1192 1396 1234 suam

189 1275 298 1360 palam
324 1275 357 1338 in
385 1276 549 1361 precibus,
576 1283 609 1339 et
632 1273 841 1340 Orthodoxis
864 1273 1025 1360 loquendi
1047 1273 1199 1338 formulis
1222 1273 1399 1363 fateretur,

191 1378 251 1443 sed
267 1387 374 1442 tamen
397 1378 567 1464 quomodo
589 1400 702 1442 verum
718 1379 761 1442 sit
776 1378 819 1454 id,
844 1376 937 1464 quod
954 1377 1066 1453 credit,
1090 1398 1158 1441 non
1175 1377 1257 1441 satis
1272 1375 1397 1442 intelli·

189 1489 291 1568 geret,
313 1481 373 1545 sed
388 1480 488 1558 aliud,
505 1488 606 1567 atque
622 1480 712 1545 aliud
728 1481 785 1544 filii
802 1483 874 1568 ejus
889 1481 1034 1544 humana
1050 1479 1251 1566 suspicione,
1269 1479 1399 1544 veraci-

191 1607 255 1670 que
279 1583 503 1648 submissione
526 1585 696 1675 sentirent,
723 1584 807 1648 nihil
831 1583 981 1648 Ecclesia
1002 1592 1074 1647 tota
1094 1583 1147 1646 vel
1169 1604 1247 1668 pars
1269 1583 1340 1670 ejus
1361 1582 1399 1646 in

189 1687 263 1771 ipse
279 1687 342 1750 fide
360 1693 529 1771 pateretur
545 1686 749 1772 praejudicii.
795 1689 998 1752 Arcanorum
1022 1687 1148 1773 quippe
1165 1687 1399 1772 mysteriorum

190 1791 352 1876 integram
376 1789 482 1865 fidem,
509 1811 577 1854 non
603 1789 858 1876 intelligentiam
884 1791 918 1853 in
947 1789 1010 1854 hac
1034 1789 1102 1854 vita
1128 1789 1220 1854 Deus
1243 1789 1402 1875 promisit

189 1893 371 1958 Ecclesiae.
416 1892 510 1968 Nem,
528 1902 563 1957 et
579 1894 644 1978 ipsi
660 1892 871 1969 Scholastici,
889 1903 921 1956 et
937 1891 1099 1958 Universa
1113 1891 1265 1958 Ecclesia
1279 1893 1399 1957 rectis-

192 1996 304 2060 simam
330 1995 426 2060 fidem
453 1998 486 2060 in
514 1992 709 2061 (lenonibus
737 1997 817 2075 suis,
848 2005 880 2060 et
905 1997 937 2060 in
966 1997 1120 2082 precibus
1148 1995 1227 2072 suis,
1253 1995 1401 2082 ipsaque

192 2099 342 2164 oratione
366 2097 541 2164 Dominica
567 2100 763 2185 quotidiana
788 2107 1001 2185 protestatur,
1026 2099 1205 2184 inquibus
1230 2098 1398 2186 quidquid

191 2202 398 2288 Augustinus
425 2201 466 2266 de
492 2204 606 2288 gratia,
634 2211 667 2267 et
693 2203 995 2288 praedestinatione
1021 2202 1151 2278 docuit,
1179 2201 1399 2287 eomprehen-

192 2305 294 2369 ditur:
315 2304 374 2368 sed
398 2305 476 2390 quia
500 2306 564 2369 vim
588 2327 699 2370 eorum
726 2328 794 2369 non
818 2305 1004 2380 attendunt,
1028 2313 1173 2368 autnon
1196 2305 1399 2392 intelligunt,

191 2409 270 2472 hinc
291 2407 430 2472 (liversis
453 2409 667 2492 opinionibus
688 2431 705 2471 a
729 2432 764 2473 se
780 2409 903 2474 divulsi
926 2417 1018 2485 sunt,
1042 2408 1164 2494 quibus
1186 2401 1398 2474 inadverten-

192 2526 241 2577 ter
256 2511 351 2574 fidem
368 2510 480 2596 aliqui,
501 2533 598 2596 qnam
615 2511 787 2576 Catholice
804 2511 1009 2597 profitentur,
1027 2512 1218 2576 interimunt
1230 2511 1290 2595 ¹).“

255 2614 340 2678 Dum
362 2613 540 2678 Jansenius
563 2615 597 2678 in
621 2615 789 2680 exarando
814 2634 915 2700 opere
939 2637 1001 2679 suo
1026 2624 1211 2704 occupatus
1235 2623 1314 2690 erat,
1339 2637 1399 2700 per

189 2720 327 2805 longum
351 2718 420 2803 jam
451 2717 608 2803 temporis
639 2718 781 2804 spatium
812 2719 927 2784 crebra
953 2741 1031 2804 spes
1058 2727 1158 2805 atque
1185 2719 1396 2804 exspectatio

192 2843 298 2885 novae
329 2821 501 2885 doctrinae
531 2820 733 2886 adventurae
760 2823 885 2886 animas
915 2822 1102 2890 commovit.
1162 2821 1287 2908 „Operi
1317 2822 1393 2886 dum

191 2936 284 2990 totus
307 2923 452 3000 insudat,
475 2924 536 2989 viri
557 2924 650 2988 multi
673 2925 873 3010 spirituales,
897 2933 930 2990 et
945 2925 1066 2990 eruditi
1082 2923 1270 2990 saeculares
1284 2925 1397 3010 Regu-

190 3030 354 3114 laresque,
377 3027 521 3091 currenti
538 3028 729 3112 saepissime
746 3029 855 3093 calcar
870 3028 1085 3102 addiderunt,
1101 3037 1139 3092 ut
1155 3050 1242 3114 opus
1257 3028 1395 3094 inchoa-

190 3148 259 3198 tum
275 3131 521 3216 deproperaret‚
545 3153 586 3194 ne
608 3130 700 3216 quod
717 3129 841 3196 Veneri
855 3131 1007 3216 Appellis
1023 3131 1152 3207 accidit,
1176 3141 1282 3196 morte
1295 3132 1394 3195 inter-

191 3247 319 3321 ceptus,
349 3254 416 3297 non
447 3233 619 3309 inveniret,
650 3234 708 3320 qui
734 3234 776 3298 ad
804 3235 1010 3320 praescripta
1034 3233 1234 3299 lineamenta
1260 3235 1396 3298 auderet

190 3337 377 3404 succedere.
421 3335 500 3420 Ipse
521 3357 658 3442 quoqpe
678 3336 756 3402 huic
778 3338 871 3421 operi
893 3337 989 3402 unice
1011 3348 1133 3413 natum,
1156 3348 1189 3402 et
1209 3338 1266 3402 nbi
1282 3337 1394 3402 absol·

190 3442 304 3520 visset,
320 3440 562 3526 paratissimum
580 3462 615 3503 se
631 3441 712 3504 mori
731 3439 977 3523 dictitabat²).“

253 3543 391 3608 Biennio
414 3551 645 3628 postmortem
660 3543 806 3608 auctoris
825 3543 1064 3630 praeterlaps0,
1082 3566 1170 3608 anno
1190 3541 1292 3619 1640,
1308 3543 1392 3608 liber

188 3648 276 3734 typis
300 3647 474 3732 evulgatus
498 3645 606 3709 lucem
630 3645 796 3729 adspexit,
820 3647 935 3730 lingua
956 3647 1060 3712 latina
1082 3649 1163 3711 satis
1186 3657 1342 3712 accurata
1359 3655 1393 3710 et

188 3751 295 3838 polita
324 3749 483 3834 scriptus,
514 3749 577 3836 sed
604 3748 714 3813 multis
744 3773 866 3827 rerum,
897 3753 1103 3816 materiarum
1136 3751 1391 3836 repetitionibus

186 3854 315 3941 plenus,
332 3873 460 3916 veneno
478 3852 545 3916 odii
568 3851 779 3917 scholasticis
797 3863 829 3918 et
848 3852 986 3918 desuitis
1011 3863 1125 3940 parato
1142 3853 1335 3940 invidiaque
1351 3853 1390 3918 iis

185 3955 329 4023 contlata
344 3954 496 4020 refertus.
540 3953 592 4018 En
608 3978 675 4019 uno
702 3956 869 4022 volumine
886 3953 1045 4022 constans
1068 3957 1175 4021 tribus
1194 3957 1290 4021 tomis
1307 3955 1389 4021 divi·

185 4060 284 4135 ditur,
308 4081 449 4144 quorum
473 4057 597 4142 primns
622 4066 699 4123 octo
724 4060 817 4124 libris
841 4071 1002 4125 tractatus
1026 4060 1176 4124 continet
1198 4059 1239 4124 de
1263 4060 1389 4125 haeresi

183 4162 362 4248 Pelagiana
392 4167 424 4224 et
454 4159 729 4248 semipelagiana,
760 4162 994 4249 disquirentes,
1025 4184 1093 4249 quo
1124 4163 1223 4227 modo
1254 4164 1389 4229 istarum

184 4266 337 4332 doctrina
360 4285 432 4328 cum
457 4285 495 4328 ea
518 4265 714 4341 consentiat,
739 4265 792 4332 cui
814 4266 959 4330 Molinae
981 4266 1129 4331 asseclae
1149 4265 1388 4344 adhaerebant;

184 4423 384 4435 -—---—-

190 4513 192 4518 ·
253 4489 275 4558 ¹)
294 4486 439 4556 Tournely,
453 4486 468 4538 l.
483 4504 503 4540 c.
540 4489 565 4557 2)
585 4487 687 4539 Auctor
699 4488 768 4540 vitae
780 4485 899 4540 Jausenii
912 4486 983 4557 apud
996 4485 1176 4544 Tourueliurn.
