3084 5056
787 297 828 364 64

706 387 905 396 *m

201 498 316 566 eadem
339 521 426 586 quae
450 499 679 564 Massilienses
702 507 819 564 contra
841 499 1025 566 doctrinam
1043 523 1062 566 a
1082 523 1107 567 s.
1124 501 1313 588 Augustino
1330 522 1408 587 pro·

201 605 344 690 positam
376 603 568 690 objicerent,
600 610 657 667 aut
687 603 792 668 everti
821 603 950 668 scilicet
974 603 1112 669 liberum
1140 605 1321 679 arbitrium,
1352 614 1410 670 aut

200 708 340 794 gratiam
361 707 461 796 tribui
484 704 666 770 secundum
688 705 853 771 naturalia
874 717 990 772 nostra
1011 707 1136 772 merita.
1181 706 1305 772 Contra
1322 729 1410 794 quos

200 810 409 897 Augustinus
438 809 543 874 libros
575 809 636 886 „de
665 809 771 895 gratia
801 819 834 874 et
860 808 967 876 libero
994 809 1155 874 arbitrio⁴‘
1185 819 1218 874 et
1247 810 1309 887 „de
1336 831 1409 874 cor·

200 913 352 998 raptione
374 920 407 976 et
427 913 553 998 gratia“
577 912 712 997 scripsit
733 933 772 976 eo
796 912 893 977 simul
917 913 1027 978 animo
1050 935 1089 978 ac
1106 913 1258 986 consilio,
1282 921 1320 977 ut
1334 935 1411 998 per-

201 1017 409 1081 turbationes
432 1036 452 1078 a
471 1013 645 1079 monacbis
672 1014 895 1080 Adrumetinis
918 1017 1079 1081 excitatas
1102 1017 1243 1082 sedaret.
1296 1015 1411 1080 Exsti-

200 1129 314 1185 terunt
336 1127 369 1183 et
391 1119 584 1184 restiterunt
606 1119 864 1206 semipelagiani,
887 1119 1127 1198 Massilienses
1150 1120 1285 1185 iuliano
1317 1129 1410 1184 ante·

201 1223 343 1308 signano
361 1243 399 1286 ac
416 1221 510 1299 duce,
533 1221 703 1288 docendo:
727 1221 835 1286 labem
852 1223 1055 1310 originalem,
1078 1222 1296 1288 infirmitatem
1314 1233 1412 1287 natu-

202 1347 258 1392 rae
273 1325 399 1412 lapsae,
423 1326 548 1412 gratiae
571 1325 804 1390 necessitatem
819 1325 861 1390 ad
885 1347 982 1392 omne
998 1347 1085 1412 opus
1102 1328 1227 1392 bonum
1244 1327 1314 1390 sive
1329 1327 1413 1390 inci·

200 1429 358 1516 piendum
381 1428 452 1492 sive
476 1428 710 1514 perficiendum
733 1428 970 1494 admittendam
993 1451 1083 1507 esse3
1110 1431 1152 1494 ad
1176 1430 1302 1494 initium
1330 1451 1413 1494 vero

200 1532 286 1616 fidei,
303 1531 347 1596 ad
363 1532 452 1618 pium
470 1532 676 1598 credulitatis
692 1531 855 1608 affectum,
878 1554 974 1619 quem
991 1533 1089 1599 fidem
1105 1533 1296 1598 inchoatam
1310 1555 1413 1598 voca-

201 1636 292 1712 bant,
310 1643 344 1700 et
359 1635 401 1700 ad
418 1634 536 1700 salutis
558 1635 766 1720 desiderium,
790 1657 886 1723 quae,
904 1636 1005 1722 juxta
1026 1658 1095 1714 eos,
1117 1659 1196 1702 vera
1219 1658 1322 1723 opera
1344 1659 1415 1700 non

201 1740 278 1815 sint,
302 1747 405 1825 atque
424 1739 467 1803 ad
489 1740 769 1824 perseverantiam
790 1740 824 1802 in
842 1738 907 1803 fide
922 1740 1093 1806 naturales
1110 1740 1254 1805 hominis
1270 1739 1414 1806 faculta-

201 1852 252 1908 tes
265 1841 428 1918 sufficere,
445 1841 573 1906 initium
586 1841 662 1906 fidei
678 1851 711 1906 at
723 1841 926 1908 desiderium
943 1842 1060 1908 salutis
1073 1865 1092 1907 a
1104 1843 1177 1908 sola
1194 1851 1312 1908 natura
1328 1865 1414 1908 esse.

266 1943 436 2031 Opposuit
458 1969 484 2009 s.
509 1946 716 2035 Augustinus
739 1945 843 2010 libros
866 1945 963 2023 duos,
988 1947 1030 2012 ad
1051 1946 1255 2033 Prosperum
1271 1943 1304 2012 et
1318 1946 1413 2012 Hila-

201 2049 284 2114 rium
301 2049 446 2134 scriptos
471 2047 533 2124 „de
551 2049 856 2134 praedestinatione
872 2059 1086 2116 sanctorum“
1103 2060 1137 2115 et
1152 2050 1214 2130 „de
1230 2049 1321 2115 dono
1338 2071 1414 2136 per·

202 2152 441 2218 severantiae.“
486 2151 630 2216 Sanctus
653 2161 747 2237 pater
771 2151 891 2216 exinde
913 2161 983 2218 tum
1007 2154 1104 2218 vivus
1128 2163 1195 2218 tum
1219 2163 1371 2218 mortuus
1393 2175 1414 2216 a

202 2256 353 2322 sectariis
381 2255 647 2342 semipelagianis
675 2277 742 2318 non
770 2276 887 2340 parum
909 2256 1134 2342 impugnatus
1158 2256 1338 2322 infestatus
1361 2265 1414 2320 est

202 2358 482 2424 murmurantibus
506 2357 701 2434 „Removeri
725 2379 853 2422 omnem
874 2359 1078 2436 industriam,
1103 2359 1244 2446 tollique
1260 2361 1413 2432 virtutae,

204 2463 232 2526 si
262 2461 315 2526 dei
341 2459 539 2526 constitutio
565 2458 727 2524 humanas
752 2463 945 2546 praeveniat
967 2462 1177 2540 voluntates;
1203 2475 1236 2528 et
1259 2463 1322 2527 sub
1346 2462 1413 2526 boc

203 2564 522 2653 praedestinationis
539 2563 681 2637 nomine,
698 2563 831 2628 fatalem
845 2566 1019 2652 quamdam
1036 2566 1147 2630 induci
1165 2567 1413 2641 necessitatem

204 2677 262 2734 aut
284 2668 489 2734 diversarum
513 2677 705 2732 naturarum
729 2667 793 2732 dici
811 2669 907 2734 deum
925 2669 1141 2746 conditorem,
1165 2670 1304 2733 sinemo
1321 2667 1412 2734 aliud

204 2773 315 2861 possit
341 2794 425 2849 esse,
454 2792 553 2858 quam
580 2770 689 2836 factus
712 2771 841 2854 est¹);“
865 2761 1011 2858 „scripta
1037 2795 1063 2841 s.
1077 2773 1264 2860 Augustini,
1289 2773 1411 2858 quibus

204 2898 296 2944 error
311 2875 568 2964 Pelagianornm
583 2874 805 2962 impugnatur,
821 2874 991 2952 infamant,
1008 2875 1167 2951 dicentes,
1183 2899 1256 2940 eum
1272 2876 1411 2941 liberum

204 2981 374 3046 arbitrium
396 2978 529 3064 penitus
545 2978 742 3042 submovere
759 2987 792 3042 et
806 2979 869 3042 sub
891 2979 1016 3065 gratiae
1033 2981 1165 3043 nomine
1180 2979 1412 3044 necessitatem

204 3084 398 3171 praedicare
413 3081 564 3153 fatalem:
582 3081 777 3168 adjicientes
794 3083 900 3154 etiam,
921 3081 1005 3145 duas
1021 3080 1111 3146 illurn
1130 3081 1266 3146 humani
1281 3081 1412 3168 generis

204 3209 343 3264 massas,
367 3179 400 3252 et
421 3185 507 3249 duas
529 3183 618 3248 credi
641 3184 725 3250 velle
747 3184 930 3248 naturales:
954 3195 991 3248 ut
1008 3184 1135 3250 scilicet
1150 3193 1262 3250 tantae
1278 3185 1412 3270 pietatis

205 3278 289 3368 viro,
311 3291 521 3376 Paganorurn
539 3296 572 3352 et
587 3287 860 3352 Manichaeorum
877 3286 1088 3352 adscribatur
1102 3288 1255 3374 impietas
1267 3288 1326 3370 ¹).“

270 3393 323 3460 Ex
350 3390 529 3479 Augustini
553 3391 724 3476 principiis
752 3390 854 3476 igitur
882 3399 1138 3454 autumaverunt
1166 3389 1413 3477 semipelagiani

206 3497 343 3587 gratiam
372 3507 404 3561 et
432 3493 767 3581 praedestinationem
795 3515 869 3558 cum
895 3493 1021 3558 arbitrii
1042 3493 1197 3559 libertate
1220 3515 1286 3558 non
1312 3516 1413 3580 posse

207 3601 390 3676 conciliari,
408 3621 448 3664 ex
465 3597 538 3663 istis
554 3596 686 3662 fatalem
700 3596 868 3684 quandam
880 3597 950 3660 sive
963 3595 1006 3660 ad
1019 3597 1141 3662 bonum
1154 3598 1224 3662 sive
1236 3598 1280 3662 ad
1292 3598 1412 3662 malum

207 3705 370 3791 consequi
391 3701 632 3774 necessitatem,
654 3699 773 3765 exinde
794 3699 922 3766 haeresi
945 3722 985 3765 ex
1001 3699 1155 3766 doctrina
1169 3701 1413 3786 Augustiniana

209 3816 344 3875 secutae
375 3805 563 3871 catholicos
594 3825 667 3868 esse
698 3803 851 3869 addictos
883 3803 1137 3880 contenderunt,
1169 3814 1202 3868 et
1230 3804 1287 3890 qui
1316 3805 1412 3868 istam

208 3912 432 3985 sectabantur,
457 3929 515 3973 eos
538 3907 862 3993 praedestinatianos
885 3907 1090 3973 calumniose
1111 3905 1413 3993 appellaverunt‘2).

208 4016 319 4098 Quare
348 4011 481 4101 quidem
509 4010 687 4076 tansenius
718 4011 849 4087 habuit,
886 4011 978 4099 qnod
1008 4011 1048 4076 de
1079 4009 1208 4076 haeresi
1238 4013 1415 4099 pelagiana

208 4119 377 4186 disserens
393 4115 532 4180 diceret:
552 4113 744 4192 „Haeresim
760 4115 1141 4181 Praedestinatianorum
1158 4136 1232 4178 esse
1248 4136 1413 4180 commen·

191 4219 276 4292 'tum
306 4217 676 4306 Semipelagianorum‚“
706 4242 766 4285 seu
797 4219 878 4286 nihil
909 4241 982 4284 esse
1009 4216 1110 4294 aliud,
1140 4217 1204 4282 nisi
1230 4217 1413 4284 doctrinam

207 4377 408 4393 -n--n--u

282 4463 303 4532 ¹)
323 4461 408 4533 Epist.
429 4456 525 4531 Prosp.
539 4457 572 4512 ad
590 4459 704 4531 August.
719 4467 745 4513 et-
757 4458 833 4530 epist.
852 4457 948 4530 Prosp.
963 4458 997 4512 ad
1009 4457 1138 4525 lltrlinunr,
1151 4457 1221 4531 apud
1233 4454 1413 4514 Tourneliunu

285 4549 311 4624 ²)
330 4548 386 4602 dac.
405 4546 590 4614 llnttcustock,
603 4547 781 4601 institutiones
794 4547 920 4601 historiae
933 4545 1028 4601 eccles.
1041 4555 1104 4601 torn.
1117 4549 1159 4613 11,
1172 4546 1291 4600 Viennae
1306 4549 1379 4606 tata.
