3050 5046
607 381 610 390 ·
671 336 872 436 „ea-

168 539 306 628 aliquod
319 539 443 604 morale
459 541 582 604 bonum
599 539 685 606 velle
702 548 734 604 et
748 526 917 625 perficere,
941 561 1043 626 opere
1058 540 1201 606 honesta
1216 541 1286 608 sivo
1303 543 1374 608 sine

168 645 273 732 gratie
289 652 422 730 peracta
438 667 508 708 non
524 651 603 709 sunt
617 642 754 708 totidem
772 651 917 727 peccata.
942 641 1052 723 Quum
1064 644 1207 731 denique
1220 644 1373 710 Christus

167 749 359 812 universum
376 771 481 836 genus
499 747 676 812 humanum
692 756 906 831 reparaturus
923 767 1037 810 omnes
1057 756 1164 812 morte
1185 747 1370 824 redemerit,

166 859 199 914 et
227 851 308 914 deus
340 872 454 914 omnes
482 852 633 938 quamvis
659 850 735 914 labe
762 849 915 935 originali
941 849 1136 936 inquinatos
1164 851 1277 916 salvos
1302 851 1372 916 fieri

164 953 256 1027 velit,
279 954 436 1039 imprimis
457 953 572 1019 fideles
594 963 627 1018 et
640 955 771 1039 justos,
794 953 870 1016 ideo
892 953 1045 1018 omnibus
1066 955 1257 1040 praesertim
1269 955 1372 1041 justis

164 1055 319 1120 fidelibus
348 1056 540 1121 volentibus
571 1066 604 1122 et
634 1057 833 1122 conantibus
864 1057 1052 1121 necessaria
1088 1057 1212 1144 gratiae
1249 1057 1372 1122 auxilie

164 1159 368 1244 suppeditat.
1067 1143 1069 1154 ¹

226 1261 404 1327 Jansenius
431 1282 526 1341 vern,
557 1261 755 1339 Lutherum,
791 1261 964 1326 Calvinum
995 1269 1028 1325 et
1053 1261 1169 1348 Bajum
1196 1269 1371 1348 sequutus,

163 1365 289 1439 docuit,
306 1365 470 1451 justitiam
492 1371 525 1428 et
540 1366 748 1429 sanctitatem
772 1364 975 1452 originalem,
998 1365 1222 1451 integritatem
1239 1387 1369 1429 omnes·

164 1489 230 1555 que
246 1469 380 1532 eximias
397 1467 493 1532 dotes
509 1466 558 1530 illi
574 1467 759 1554 adjunctas,
784 1467 964 1552 perfectam
980 1469 1151 1532 scientiam
1167 1477 1200 1532 et
1214 1468 1369 1533 volunta·

162 1582 238 1646 tem,
255 1579 359 1634 totam
376 1570 616 1658 subjectionem
631 1571 779 1634 libidinis
796 1571 858 1635 sub
871 1571 1016 1644 ,rationis
1032 1580 1220 1656 praecepta,
1237 1569 1368 1656 plenam

162 1675 197 1738 in
219 1695 271 1738 res
296 1685 424 1738 creatas
448 1674 721 1748 dominationem,
745 1682 912 1738 aeternam
934 1674 1173 1738 beatitudinem
1196 1673 1239 1739 ad
1255 1697 1368 1739 essen·

161 1777 239 1840 tiam
256 1786 393 1841 naturae
408 1777 571 1841 humanae
585 1777 760 1862 pertinere,
777 1779 847 1842 sine
863 1777 915 1842 his
931 1777 1148 1842 facultatibus
1162 1777 1259 1844 deum
1275 1778 1370 1843 salva

163 1901 220 1944 sua
238 1880 371 1964 justitia
391 1889 423 1944 et
444 1880 594 1944 bonitate
616 1880 779 1944 hominem
803 1880 989 1966 producere
1012 1903 1078 1944 non
1095 1881 1266 1967 potuisse,
1289 1881 1367 1946 ideo

163 2005 203 2047 ex
226 2005 266 2047 eo
288 1983 379 2069 quod
396 1983 478 2047 deus
499 1983 666 2048 hominem
683 1985 872 2062 creavisset,
896 1985 1067 2071 consequi,
1091 1994 1129 2048 ut
1145 1983 1252 2049 status
1269 1985 1367 2072 origi·

162 2085 247 2150 nelis
273 2087 379 2172 primo
403 2086 530 2151 homini
556 2087 688 2152 debitus
713 2086 849 2162 fuisset,
884 2087 1009 2174 quippe
1036 2086 1078 2152 ad
1104 2094 1257 2151 naturam
1281 2086 1367 2152 bene

161 2197 304 2253 creatam
320 2191 509 2254 necessario
526 2200 559 2254 et
574 2189 794 2255 essentialiter
808 2190 988 2276 pertinens.
1033 2189 1140 2254 Deum
1158 2189 1200 2254 de
1214 2191 1367 2277 potentia

161 2291 326 2368 absoluta,
350 2293 383 2357 id
400 2305 459 2370 est,
484 2316 524 2356 ex
540 2293 670 2380 legibus
682 2294 834 2378 justitiae
850 2292 1016 2357 hominem
1033 2293 1105 2357 sine
1121 2292 1307 2358 elevatione
1323 2293 1366 2358 ad

160 2403 281 2460 statum
298 2397 583 2480 supernaturalem
603 2407 635 2462 et
651 2399 721 2462 siue
738 2397 918 2462 collatione
933 2395 1134 2483 integritatis
1151 2405 1184 2460 et
1200 2395 1364 2462 donorum

159 2499 460 2590 supernaturalium
486 2502 705 2586 gratuitorum
733 2501 877 2565 condere
903 2501 1070 2586 potuisse,
1098 2507 1296 2564 nontamen
1324 2501 1365 2564 de

158 2604 310 2688 potentia
331 2603 499 2679 ordinata,
522 2604 556 2668 id
579 2612 646 2680 est,
670 2627 710 2668 ex
730 2604 861 2692 legibus
877 2603 1052 2680 bonitatis,
1075 2603 1261 2681 decentiae,
1285 2625 1365 2668 con-

159 2705 334 2792 gruitatis3
372 2705 537 2770 hominem
566 2705 632 2770 illis
663 2707 761 2771 donis
792 2705 986 2771 destitutum
1017 2727 1089 2770 esse
1107 2705 1295 2798 'distortum
1326 2729 1364 2771 ac

160 2809 289 2873 malum.
335 2808 515 2893 Deperdita
535 2809 668 2895 justitia
694 2818 727 2872 ct
753 2809 944 2886 sanctitate,
975 2830 1042 2894 qua
1063 2808 1172 2872 orbati
1193 2830 1255 2873 nos
1274 2832 1363 2875 nunc

157 2912 339 2989 nascimur,
366 2909 533 2976 homiuem
555 2912 668 2999 aliquo
695 2912 952 2977 bononaturali
979 2920 1128 2989 exutum,
1159 2920 1232 2976 toto
1256 2911 1362 2977 libero

157 3015 293 3079 arbitrio
324 3014 534 3090 destitutum,
569 3015 659 3078 omni
688 3015 731 3080 ad
760 3015 955 3103 religionem
982 3014 1143 3080 facultate
1173 3015 1362 3101 spoliatum,

157 3118 460 3204 concupiscentiam
481 3140 558 3184 vere
578 3126 761 3204 peccatum,
786 3141 887 3204 opera
902 3118 1081 3183 infidelium
1099 3128 1131 3183 et
1151 3126 1363 3204 peccatorum

158 3223 267 3286 omnia
288 3231 428 3307 peccata
448 3244 538 3296 esse3
562 3233 736 3308 peccatum
757 3221 1010 3288 haereditarium
1033 3244 1092 3308 per
1106 3221 1274 3286 libidinem
1292 3224 1363 3288 sive

157 3325 461 3412 concupiscentiam
484 3325 633 3390 seminali
648 3325 853 3412 generationi
870 3325 1065 3390 naturaliter
1081 3324 1278 3411 adjunctam,
1302 3348 1363 3412 per

157 3451 192 3492 se
215 3438 247 3492 et
269 3451 310 3492 ex
329 3429 376 3493 rei
392 3437 519 3503 nature,
544 3429 587 3492 ad
601 3428 754 3493 homines
770 3428 967 3503 transfundi,
992 3428 1078 3491 sicut
1094 3435 1127 3492 et
1143 3436 1271 3493 ceterae
1288 3451 1362 3494 cor·

157 3531 248 3615 poris
271 3542 304 3595 et
325 3531 451 3596 animae
472 3531 666 3596 affectiones
689 3531 922 3617 aparentibus
939 3530 979 3594 ad
996 3530 1120 3594 liberos
1135 3533 1361 3596 transmittan-

155 3633 264 3711 tur¹);
298 3634 437 3721 gratiam
467 3633 685 3698 sufficientem
711 3657 779 3698 non
806 3635 893 3711 dari,
923 3633 1027 3697 solam
1058 3632 1223 3698 efficacem
1249 3635 1360 3713 tribui,

154 3735 320 3801 hominem
336 3739 524 3802 necessario
540 3759 648 3826 agere,
670 3737 765 3804 fatali
787 3737 1099 3824 praedestinationis
1115 3737 1361 3804 necessitudine

155 3839 252 3905 trahi.

218 3941 280 4007 Est
300 3942 347 4006 ita
367 3941 515 4006 Jansenii
542 3951 644 4029 atque
665 3941 819 4021 Lutheri‚
848 3943 1026 4030 praecipue
1049 3941 1179 4007 Calvini
1206 3941 1360 4008 doctrina

153 4047 277 4112 eadem.

216 4149 254 4214 ld
276 4147 368 4235 quod
390 4171 432 4212 ex
452 4148 743 4234 propositionibus
764 4149 962 4234 proscriptis
979 4147 1075 4212 etiam
1091 4147 1225 4234 Bajauis
1242 4137 1376 4224 elucet‚'

152 4275 239 4342 quae
263 4254 332 4340 jam
362 4251 482 4316 allatae
519 4259 612 4330 sunt,
651 4273 790 4338 quarum
819 4251 883 4317 hae
912 4257 1121 4338 repetantur:
1164 4272 1261 4338 prop.
1292 4249 1359 4318 21.:

152 4461 353 4471 ———-——-

223 4577 244 4644 ¹)
263 4576 380 4630 dansenii
394 4577 606 4650 ,‚AngustinuS,“
624 4573 657 4628 de
670 4580 732 4632 stat.
745 4582 799 4628 nat.
812 4575 879 4647 laps.
894 4593 917 4631 e.
931 4578 954 4631 6.
968 4592 1005 4629 ss.
