3050 5046
631 349 834 453 Δ..

121 556 249 624 tionem
273 555 351 621 lieri.
397 559 440 620 At
468 555 535 621 hec
562 557 715 642 negantis
742 557 926 642 argumenti
953 579 1058 645 genus
1084 557 1247 624 lubricum
1274 567 1335 626 est.

122 660 255 726 Scimus
271 659 447 723 Leontium
463 659 689 724 Arelatensem
707 681 748 724 ex
764 658 882 723 Hilarii
898 659 1033 726 decreto
1050 659 1212 749 Synodos
1229 662 1334 730 Galli·

122 783 227 829 canas
258 762 460 848 quotannis
484 764 653 848 coegisse,
684 783 824 850 quarum
850 749 960 828 tamen
989 785 1154 850 nusquam
1178 766 1336 831 memoria
1407 794 1411 804 ·

121 873 225 932 extat.
271 865 490 952 Apologistae
511 864 660 930 Jansenii
682 875 857 952 utramque
874 865 1047 952 Synodum
1064 867 1213 932 habitam
1228 868 1334 935 fuisse

120 969 324 1044 concedunt,
355 967 485 1032 addunt
514 979 624 1032 tamen
651 989 708 1032 eas
740 967 902 1034 conflatas
933 992 974 1034 ex
1002 969 1184 1056 Episcopis
1213 973 1334 1057 partim

118 1071 411 1158 semipelagianis,
442 1072 561 1156 partim
590 1093 609 1134 a
638 1071 904 1158 Semipelagiano
927 1072 1057 1137 Fausto
1077 1073 1242 1160 deceptis:
1273 1074 1333 1140 sed

117 1177 195 1241 sine
217 1176 359 1240 testibna
381 1173 468 1239 hanc
491 1175 643 1262 injuriam
667 1175 880 1251 doctissimis,
903 1197 942 1240 ac
958 1177 1210 1260 sapientissimis
1226 1176 1334 1243 Petri·

117 1281 186 1344 bns
216 1278 347 1343 inurere
377 1299 445 1342 non
477 1278 592 1346 ausim.
650 1277 739 1342 Illud
769 1278 946 1343 verisimile
973 1278 1114 1344 videtur.
1173 1279 1335 1346 Faustum

116 1381 268 1446 mandati
296 1381 415 1446 limites
443 1381 640 1456 excessisse,
672 1381 748 1445 dnm
772 1403 839 1445 non
864 1380 964 1446 modo
989 1383 1208 1469 quorumdam
1232 1383 1333 1450 Prae·

116 1485 419 1551 destinatianorum
435 1503 575 1559 errores,
599 1493 637 1548 nt
658 1485 841 1571 injunctum
857 1483 977 1560 fuerat,
1001 1485 1199 1562 confutavit,
1215 1509 1330 1554 verum

116 1590 217 1654 etiam
235 1609 273 1653 ea
289 1589 468 1653 occasione
484 1587 597 1652 Sancti
614 1589 792 1675 Augustini
807 1587 848 1652 de
864 1590 1009 1674 gratuita
1021 1589 1329 1674 praedestinatione

118 1693 306 1757 doctrinam
323 1691 483 1755 subruere
500 1701 642 1755 conatus
658 1691 722 1755 fuit
733 1691 793 1774 1)“.“

183 1794 304 1880 Neque
341 1793 485 1880 denique
518 1795 590 1858 sine
620 1795 709 1858 omni
740 1815 841 1857 cansa
872 1794 1024 1880 synodus
1055 1795 1260 1859 Arausicana
1289 1796 1330 1864 ll.

118 1920 207 1962 anno
231 1897 302 1963 529.
328 1896 494 1962 celebrate
517 1907 638 1972 monet,
669 1897 802 1983 aliquos
827 1906 922 1961 antea
946 1897 1329 1983 praedestinatianorum

119 2001 332 2086 dogmatibus
349 2001 551 2065 constrictos
567 1999 681 2076 fuisse,
698 2006 812 2063 monet
827 1998 971 2064 dicendo
988 2022 1059 2066 can.
1073 2001 1140 2066 25.:
1165 2001 1329 2088 „Aliquos

123 2125 203 2168 vero
220 2103 262 2167 ad
280 2102 401 2166 malum
424 2102 537 2167 divina
559 2111 727 2188 potestate
742 2101 1011 2187 praedestinatos
1027 2125 1111 2180 esse,
1135 2125 1205 2168 non
1220 2105 1330 2170 solum

120 2227 189 2271 non
213 2205 385 2280 credimus,
412 2205 608 2282 sedetiam,
639 2207 667 2270 si
695 2215 783 2282 sunt,
814 2205 871 2292 qni
900 2214 1027 2270 tantum
1051 2207 1172 2272 malum
1196 2208 1330 2275 credere

119 2309 231 2383 velint,
247 2331 320 2374 cum
338 2309 428 2391 omni
443 2307 666 2374 detestatione
682 2309 730 2373 illi
746 2309 922 2395 anathema
937 2308 1149 2395 dicimusw

181 2412 281 2478 Nono
306 2411 442 2476 saeculo
472 2412 657 2476 doctrinam
680 2412 1020 2498 praedestinatianam
1043 2414 1175 2498 excepit
1198 2412 1326 2479 Gothe-

115 2515 273 2580 schalcus
284 2514 313 2590 8)
336 2514 621 2596 (Gotteschalcns,
644 2514 899 2591 Gothesoalcns,
916 2514 1170 2600 Godescaleus),
1187 2538 1228 2580 ex
1245 2516 1326 2582 Ger-

114 2619 225 2683 mania
246 2617 420 2692 oriundus,
449 2616 541 2682 filins
567 2619 665 2682 Berni
689 2617 801 2701 (Bern)
825 2619 955 2682 comitis
983 2620 1131 2692 saxonis,
1156 2640 1175 2683 a
1203 2621 1327 2686 teneris

108 2724 183 2810 jam
205 2721 409 2786 monasterio
425 2720 584 2786 Fuldensi
602 2722 831 2806 aparentibus
848 2721 992 2798 oblatus,
1016 2744 1057 2786 ex
1072 2722 1149 2798 boc,
1170 2723 1230 2787 ubi
1251 2746 1326 2788 cum
1344 2709 1346 2712 ⁵

111 2824 306 2890 Walafrido
329 2824 495 2889 Strabone
522 2823 756 2910 condiscipulo
778 2824 940 2889 amicitiae
960 2825 1095 2890 vinculo
1123 2827 1325 2912 conjunctus

111 2937 194 3000 erat,
208 2949 296 2992 anno
309 2927 382 2992 829.
399 2927 565 3000 dimissus,
579 2935 698 3012 poetae
709 2927 902 2991 monasterii
915 2925 1118 2992 Orhaeensis
1132 2927 1279 3010 (Orbais)
1291 2930 1326 2994 in

110 3031 262 3098 dioecesi
278 3031 515 3096 Suessionensi
531 3031 698 3113 (Soisson)
715 3029 899 3094 monachus
915 3029 1035 3106 factus,
1053 3030 1173 3096 deinde
1188 3053 1208 3096 a
1223 3031 1325 3098 Rich·

109 3134 206 3200 bodo
230 3134 475 3219 chorepiscopo
499 3133 676 3198 Rhemensi
697 3135 875 3220 presbyter
896 3133 1079 3209 ordinatus,
1104 3157 1129 3200 s.
1147 3135 1326 3222 Augustini

110 3238 255 3324 ejusque
296 3235 452 3322 discipuli
499 3235 667 3323 fulgentii
709 3237 859 3322 scriptis,
901 3236 943 3300 ad
988 3237 1326 3322 praedestinatianam

111 3340 301 3405 doctrinam
324 3340 503 3425 praecipue
527 3341 785 3424 pertinentibus,
812 3340 963 3426 legendis
986 3349 1087 3428 atque
1111 3350 1325 3428 perscrutan-

110 3443 166 3508 dis
190 3463 325 3528 operam
347 3441 449 3515 dedit,
472 3465 513 3506 ex
536 3443 658 3528 quibus
680 3442 764 3506 male
784 3443 962 3508 intellectis
984 3443 1027 3509 ad
1049 3465 1201 3523 errorem,
1225 3467 1324 3534 quem

110 3547 187 3633 ipse
216 3545 360 3632 denique
387 3545 630 3632 propugnabat,
648 3545 899 3632 propagandum
915 3545 1082 3613 adductus
1097 3555 1158 3612 est.

179 3665 307 3743 „Dico“
323 3665 371 3729 ait
384 3663 598 3742 Tournelius‚
615 3664 895 3741 „Goteuehalcum
908 3665 1323 3736 MonasteriiOrbaeensis

109 3771 147 3834 in
177 3767 329 3833 Dioeeesi
355 3767 590 3832 Suessoniensi
617 3769 829 3845 Monachum,
860 3792 951 3834 nono
978 3771 1113 3836 saeculo
1142 3771 1177 3836 in
1204 3771 1323 3838 Galliis

109 3881 275 3958 regnante
297 3869 418 3936 Carolo
436 3870 551 3948 Calvo,
575 3872 753 3938 extinctam
769 3895 807 3938 ac
823 3873 964 3959 sopitam
983 3873 1323 3942 praedestinatianam

110 3973 276 4042 haeresim
292 3973 485 4044 suscitasse.
519 3974 568 4038 Ac
583 3975 690 4062 primo
708 3975 840 4064 quidem
858 3999 875 4041 e
890 3976 1109 4054 Monesterio‚
1125 3978 1183 4043 ubi
1199 3979 1320 4044 erroris

111 4077 239 4144 semina
255 4084 433 4164 sparserat,
449 4076 594 4165 migrent
610 4077 644 4144 in
659 4079 799 4160 ltaliam,
821 4081 933 4168 coepit
950 4081 1096 4168 apertius
1113 4103 1184 4148 eam
1199 4082 1321 4149 diffun-

110 4297 314 4313 ...η-ιιι..-
337 4297 340 4306 V

186 4435 208 4504 ι·)
227 4432 256 4487 L.
269 4436 293 4490 2.
307 4433 442 4488 Historiae
456 4433 548 4507 Pelag.
561 4453 583 4490 c.
599 4440 638 4495 15.
651 4457 677 4509 p.
693 4440 750 4496 187.
763 4440 786 4494 2.
800 4445 827 4491 et
839 4441 863 4494 2.
877 4439 938 4506 col,
951 4456 994 4512 ap.
1007 4439 1109 4494 Tourn.
1123 4439 1140 4494 l.
1154 4459 1176 4496 e.

181 4521 209 4592 ²)
227 4519 259 4573 T.
272 4524 296 4578 4.
311 4519 412 4578 Concil.
424 4539 486 4594 pag.
501 4525 575 4580 leta
589 4523 629 4590 Β.,
644 4525 716 4596 apud
729 4523 830 4579 Teura.

184 4608 209 4680 θ)
227 4606 373 4680 Tonmely.
386 4637 421 4648 -
432 4606 526 4676 Kurtz,
538 4609 555 4664 l.
569 4627 591 4664 e.
603 4630 629 4682 p.
639 4615 699 4678 494,
708 4614 768 4670 495.
