3084 5056
767 311 805 376 19

684 399 883 409 Ἤ

182 532 226 575 on
241 510 373 576 immole
388 511 421 575 la
436 509 554 576 liberte
569 510 724 576 humaine
739 511 759 577 ai
779 513 812 577 la
827 513 924 600 grace
947 511 1067 590 divine,
1084 534 1129 578 on
1145 512 1273 578 declara
1288 521 1384 580 notre

104 652 106 656 ·
180 621 297 680 nature
323 613 558 680 radicalement
588 635 785 702 corrompue
811 625 843 681 et
873 616 1070 702 impulsante
1096 615 1116 680 ia
1141 616 1299 703 produire
1325 638 1386 702 par

181 716 365 782 elle-meme
382 738 490 782 aucun
506 717 592 783 bien.
616 718 679 784 Tel
695 727 745 784 est
760 719 791 784 le
804 718 949 806 systema
961 741 1027 806 que
1038 718 1217 784 Jausenius
1230 719 1385 807 employa

181 819 258 906 plus
281 820 323 886 de
344 820 439 907 vingt
460 843 520 885 ans
540 821 582 886 de
604 843 640 888 aa
661 822 715 886 vie
735 820 755 886 a
775 843 918 904 exposer
934 822 1018 888 dans
1034 843 1098 886 son
1121 822 1382 915 „Augustinua‘f

169 945 308 990 'comme
337 923 370 987 la
401 945 482 1010 pure
512 932 545 989 et
575 924 763 990 essentielle
794 925 945 991 doctrine
968 925 1010 990 de
1034 925 1122 990 saint
1143 924 1382 1012 Augustin1).“

179 1027 597 1114 Librummannscriptum
618 1050 678 1114 per
705 1023 935 1094 testamentum
959 1027 1125 1094 semihora
1146 1037 1223 1094 ante
1245 1036 1383 1094 mortem

181 1130 317 1209 factum,
346 1130 482 1218 reliquit
509 1131 695 1218 Reginaldo
726 1130 837 1211 Lame,
868 1131 1043 1217 capellano
1075 1152 1148 1208 suo,
1179 1132 1232 1197 cui
1262 1132 1386 1219 scripta

181 1231 215 1300 S.
238 1234 415 1320 Augustini
443 1234 610 1320 ingenium
634 1234 892 1300 commentantia
914 1234 1061 1312 tradidit,
1092 1234 1308 1322 praecipiens,
1339 1245 1385 1311 ut,

182 1319 392 1424 adjutoribus
412 1337 550 1402 Liberto
573 1337 805 1421 Fromondoi)
827 1347 861 1403 et
882 1337 1028 1404 Henrico
1051 1338 1175 1404 Caleno
1192 1338 1388 1406 doctoribus

180 1440 459 1517 Lovaniensibus,
477 1463 549 1504 eum
566 1441 657 1527 typis
672 1440 895 1506 mandandum
913 1450 1053 1518 curaret,
1071 1443 1194 1528 quibus
1211 1443 1387 1530 evulgatus

181 1542 316 1607 biennio
337 1549 576 1629 postmortem
598 1545 744 1609 auctoris
765 1545 798 1609 iu
820 1545 927 1609 lucem
944 1545 1083 1630 prodiit.
1129 1544 1231 1633 Cujus
1252 1547 1389 1634 genesin

183 1654 216 1712 et
238 1644 384 1711 indolem
407 1645 465 1710 ubi
482 1646 551 1733 jam
574 1646 744 1733 paululum
769 1648 999 1736 cognovimus,
1022 1647 1105 1736 quid
1126 1647 1194 1713 huc
1213 1650 1387 1734 pertineat,

182 1748 423 1836 complebimus
446 1757 547 1836 atque
570 1749 611 1815 de
633 1741 751 1816 ceteris
767 1751 809 1816 ad
830 1761 980 1817 naturam
997 1758 1031 1816 et
1046 1750 1270 1818 conditionem
1286 1753 1388 1841 perti·

182 1852 339 1918 uentibus
360 1852 570 1922 disseremus.
593 1889 633 1901 -
656 1853 816 1930 Diximus,
839 1875 925 1940 quae
947 1853 1039 1919 initia
1059 1853 1239 1920 haereseos
1254 1854 1388 1934 fuerint,

182 1955 282 2020 ubive
296 1954 513 2020 fundamenta
531 1955 651 2042 posita.

250 2056 427 2123 Jansenius
442 2059 477 2122 in
492 2059 533 2122 iis
549 2057 788 2145 componendis
798 2059 868 2146 jam
881 2080 969 2125 anno
987 2059 1088 2136 1620,
1105 2060 1161 2124 vix
1175 2059 1277 2147 igitur
1288 2083 1388 2148 opere

185 2146 334 2246 incepto,
364 2160 593 2247 San-(lyrano
623 2163 728 2234 amieo
760 2163 910 2249 scripsit:
942 2161 1001 2239 „Je
1024 2161 1185 2228 voudrois
1214 2163 1306 2240 bien,
1338 2164 1389 2228 s'il

186 2263 286 2328 estoit
306 2263 467 2349 possible,
491 2287 556 2350 que
577 2287 663 2330 vous
684 2287 735 2330 me
757 2266 888 2350 pussien
911 2264 992 2344 faire
1014 2266 1146 2344 scavoir
1161 2265 1271 2353 quelle
1288 2276 1339 2330 est
1354 2266 1387 2330 Ia

184 2367 334 2432 doctrine
361 2368 421 2432 des
448 2365 653 2434 Universitez
679 2367 721 2432 de
747 2365 873 2434 France
897 2390 954 2433 sur
978 2391 1034 2434 ces
1057 2369 1145 2434 deux
1167 2369 1292 2454 points.
1335 2372 1388 2434 An

183 2469 303 2536 efficax
327 2469 444 2535 electio
468 2470 510 2535 ad
525 2471 665 2557 gloriam
688 2473 732 2536 sit
753 2471 844 2538 facta
864 2481 944 2557 post
966 2471 1118 2557 praevisa
1132 2472 1257 2548 merita,
1282 2481 1314 2536 et
1329 2494 1389 2557 per

182 2573 319 2660 gratiam
335 2572 441 2651 facta3
457 2594 499 2637 an
512 2583 597 2638 ante.
627 2575 677 2638 An
690 2574 795 2660 gratia
811 2575 855 2638 sit
866 2574 984 2638 efficax
997 2597 1038 2639 ex
1050 2574 1193 2639 hominis
1209 2595 1388 2651 consensu,

183 2698 223 2741 eo
239 2677 425 2763 modoque
442 2675 508 2742 hoc
524 2677 623 2742 docet
638 2675 737 2741 Pater
752 2675 948 2742 Leonardus
966 2676 1112 2744 Lessius.
1156 2676 1387 2742 Particuliere-

181 2788 272 2844 ment
295 2801 351 2844 sur
373 2778 405 2843 le
428 2780 575 2864 premier.
622 2779 685 2844 Car
705 2779 746 2844 ils
766 2787 920 2864 pressent
942 2778 1012 2844 cela
1033 2801 1113 2867 arec
1134 2787 1207 2844 tant
1222 2779 1384 2857 d’ardeur,

181 2883 252 2970 icy;
276 2904 341 2968 que
362 2881 412 2946 les
431 2881 576 2947 Jesuites
598 2880 718 2955 disent,
742 2903 807 2968 que
827 2903 912 2946 ceux
936 2882 994 2967 qui
1017 2881 1136 2959 disent,
1160 2883 1250 2969 quod
1268 2883 1386 2948 electio

183 2987 227 3051 sit
248 2985 339 3050 facta
362 2993 439 3049 ante
455 2985 609 3070 praevisa
625 2984 749 3060 merita,
764 2984 978 3049 n’entendent
994 3006 1055 3070 pas
1072 2985 1105 3050 S.
1121 2986 1295 3072 Augustin.
1341 2987 1388 3051 Ire

183 3109 326 3176 passage
343 3087 442 3174 qu'ils
465 3088 576 3154 disent
597 3096 684 3153 estre
705 3087 894 3164 invincible,
919 3097 970 3151 est
986 3087 1062 3172 cluy
1079 3089 1135 3173 qui
1152 3099 1203 3154 est
1217 3097 1289 3154 tant
1306 3089 1385 3154 batn

182 3192 211 3257 9.
226 3191 256 3257 2.
271 3191 315 3256 ad
329 3190 531 3277 Simplician.
565 3190 593 3254 II
608 3212 659 3255 me
673 3191 830 3256 souvient
845 3212 910 3277 que
920 3190 990 3276 j’ay
1006 3192 1106 3256 escrit
1121 3190 1266 3277 quelque
1282 3191 1386 3258 chose

184 3317 242 3361 sur
262 3317 300 3360 ce
321 3316 462 3381 passage
484 3303 594 3359 estant
615 3294 656 3359 de
671 3291 712 3370 lai,
735 3294 815 3358 mais
832 3293 869 3378 je
885 3313 927 3357 ne
941 3292 1005 3376 I'ay
1021 3314 1082 3378 pas
1097 3315 1184 3358 recu.
1229 3293 1258 3358 Il
1272 3316 1296 3382 y
1311 3316 1386 3360 ena

183 3399 238 3486 icy
260 3399 318 3486 qui
340 3398 555 3464 entierement
577 3397 784 3462 a'accordent
804 3417 885 3460 avec
908 3395 987 3472 cela,
1012 3415 1089 3460 sans
1111 3417 1176 3483 que
1197 3417 1284 3464 nous
1299 3418 1385 3462 nous

185 3523 291 3589 ayone
306 3523 389 3576 veu3
406 3523 449 3566 ce
471 3522 536 3587 que
547 3500 584 3586 je
604 3501 690 3565 tiens
705 3521 791 3586 pour
805 3520 941 3585 marque
956 3498 998 3564 de
1013 3497 1045 3562 la
1060 3497 1173 3576 verite,
1194 3508 1228 3564 et
1242 3521 1287 3565 on
1302 3502 1387 3566 tient

184 3605 237 3689 icy
262 3626 328 3691 que
355 3603 437 3668 c’est
458 3603 491 3668 la
513 3623 615 3690 vraye
631 3603 795 3680 solution,
819 3611 853 3668 et
874 3625 953 3668 sans
976 3602 1147 3687 reproche.
1192 3602 1243 3668 De
1264 3625 1385 3670 mesme

185 3706 394 3794 voudrois·je
414 3706 492 3771 bien
514 3706 658 3782 scavoir,
681 3707 709 3770 si
724 3705 773 3771 les
787 3705 933 3772 leonites
950 3727 990 3770 en
1005 3697 1140 3781 Franco,
1163 3704 1385 3783 aBordeaux,

184 3808 253 3876 ala
266 3809 398 3887 Fleche,
415 3806 436 3873 a
452 3808 554 3885 Paris,
578 3817 611 3872 et
626 3808 760 3874 ailleurs
777 3810 970 3896 enseignent
985 3830 1111 3874 comme
1126 3807 1162 3874 P.
1178 3808 1384 3885 Leonardus,

184 3937 228 3981 ou
253 3915 329 3981 bien
353 3933 598 3978 commeneus.
649 3912 714 3977 Car
734 3913 874 3999 j'entens
900 3912 998 3999 qu’en
1021 3919 1114 3976 toute
1140 3909 1330 4002 I’Espagne,
1353 3923 1387 3982 et

181 4106 381 4116 ...ψ-...ω-

237 4215 239 4220 ’
255 4189 278 4260 ¹)
296 4184 427 4246 Nouvelle
440 4188 637 4264 Bibliographie
649 4188 782 4264 generale.

252 4277 278 4348 ²)
298 4277 349 4341 Qui
363 4278 469 4350 scripsit
486 4277 616 4345 „Brevem
628 4274 796 4332 Anatomiam
809 4273 930 4344 hominis,
946 4272 1053 4330 Lovanii
1067 4290 1135 4330 anno
1151 4273 1383 4341 1641‚“et,‚con-

183 4369 290 4416 ventum
314 4363 479 4430 Atiicanum,
503 4365 558 4419 sive
576 4362 793 4437 disceptationem
807 4365 959 4434 judicialem
977 4364 1048 4434 apud
1072 4362 1223 4417 Tribunalis
1247 4361 1383 4416 Praesulis

184 4449 326 4521 Augustini
345 4456 428 4515 cct.;“
444 4458 558 4521 uterque
576 4451 641 4505 liber
660 4453 691 4504 ab
709 4452 820 4504 Urbano
833 4451 906 4504 VIII.
920 4468 989 4503 anno
1005 4450 1116 4507 reatin
1130 4448 1326 4504 Constitutione
1341 4450 1383 4515 „iu

182 4538 323 4591 eminentiu
337 4537 475 4592 damnatus
488 4547 537 4591 eat.

1152 4617 1183 4674 ρ*
